3062 4942
652 642 700 653 -
721 601 773 674 95
799 643 847 654 ..

245 756 366 838 liberis
406 753 522 848 perdit
551 749 708 849 (Seuecae
743 755 851 827 rerba
883 751 1019 850 adero),
1051 761 1144 830 tecta
1176 757 1257 846 ipsa

244 881 351 958 diruit
366 887 399 955 ei
420 880 495 952 soto
520 885 699 972 exaequat,
717 885 753 951 et
770 879 916 950 inimica
941 879 1092 952 libertati
1109 881 1256 958 nomina

243 1005 444 1096 exstirpat:
481 1004 559 1076 baec
588 1022 659 1075 nun
691 1003 875 1092 treudem,
903 1022 975 1076 nnn
1014 1013 1121 1096 caput
1148 1024 1256 1096 quas-

242 1149 330 1204 sans
348 1125 413 1222 (t),
433 1128 519 1219 quia
537 1127 589 1200 xir
604 1127 750 1220 sapiens
769 1134 804 1200 et
820 1135 1039 1220 temperatus
1056 1129 1190 1224 animo,
1208 1129 1255 1204 ad

242 1274 299 1327 res
319 1254 444 1326 tertius
461 1252 622 1342 agendas
638 1271 711 1323 non
726 1253 829 1338 iram,
854 1253 919 1324 sed
940 1253 1008 1324 vim
1028 1253 1175 1332 adhibet
1190 1253 1251 1350 (Ι),

242 1378 397 1472 Etenim,
420 1384 458 1449 ut
483 1377 572 1448 dixit
602 1396 724 1468 supra,
749 1396 834 1449 num
865 1377 1003 1450 videtur
1035 1380 1093 1452 lex
1123 1379 1256 1455 irasci?
1374 1423 1376 1426 -

242 1506 355 1580 Immo
371 1505 466 1599 quis,
483 1505 540 1577 cui
560 1503 735 1588 medetur,
753 1503 945 1576 irascitur?
960 1503 1066 1596 Atqui
1082 1504 1253 1578 curandae

242 1628 373 1701 civitati
411 1647 432 1704 a
465 1624 546 1699 diis¹
567 1627 734 1719 princeps
766 1634 820 1698 est
850 1627 1049 1714 adbibitus
1086 1634 1120 1702 et
1150 1647 1256 1704 umne

240 1772 359 1846 prenae
372 1771 486 1842 genus
503 1751 648 1824 remedii
669 1753 745 1823 ioco
762 1751 930 1824 admovet
949 1751 1015 1844 (3),
1039 1753 1254 1845 quotiesque

242 1879 357 1952 maios
397 1882 459 1950 aut
484 1877 607 1950 toliere
628 1882 689 1948 aut
710 1876 904 1950 emendare
928 1876 1098 1966 decreuit,
1121 1878 1254 1968 futura,

242 2004 346 2080 sicuti
369 2001 471 2074 Plato
492 2008 627 2090 monet,
647 2007 702 2074 est
721 2001 873 2073 intuitus
894 1999 958 2096 (Ι).

291 2125 385 2218 Quid
399 2124 486 2216 dixi,
499 2126 701 2198 medicum?
716 2125 828 2198 Immo
843 2131 983 2217 patrem
1000 2132 1103 2198 vocat
1120 2125 1258 2205 Seneca

240 2252 375 2330 bouum
395 2251 607 2347 principem,
637 2250 743 2323 idest
771 2250 897 2342 patriae
924 2257 1123 2342 parentem.
1153 2250 1258 2336 Quod

242 2377 337 2459 enim
375 2377 530 2470 parenti,
552 2383 589 2447 ut
629 2375 820 2463 ait,etinm
859 2353 1010 2468 principi
1050 2377 1255 2454 iaciendum
1303 2359 1306 2366 ⁴

242 2509 297 2580 est
312 2499 377 2597 (5),
394 2507 583 2596 propterea
601 2501 697 2592 quod
716 2500 833 2595 patria
854 2507 1013 2594 potestas
1043 2508 1099 2574 est
1117 2508 1257 2596 tempe·

241 2627 438 2715 ratissima,
456 2627 577 2698 liberis
602 2627 811 2714 consulem,
834 2645 972 2718 suaque
1002 2635 1082 2718 post
1099 2627 1179 2701 ilios
1204 2646 1258 2700 re

241 2771 400 2844 ponens:
415 2753 668 2843 gloriosusque
685 2752 787 2822 miles
803 2769 946 2823 omnem
962 2751 1121 2826 laborem
1139 2752 1256 2830 iibens

241 2879 387 2969 patitur,
422 2884 461 2949 ut
493 2877 652 2968 parentis
686 2883 807 2948 custos
839 2871 902 2970 (6).
926 2875 1029 2949 Hunc
1057 2877 1254 2970 principem

241 3021 381 3092 umnes,
411 3021 483 3074 ucrx
516 3009 590 3074 tam
626 3021 736 3094 supra
773 3020 812 3073 se
850 3018 945 3088 esse,
971 3020 1079 3091 quam
1113 3021 1175 3094 pm
1214 3022 1253 3076 se

272 3293 305 3358 (Ι)
323 3292 361 3346 (ΙΙ.
383 3293 415 3345 iic
427 3293 513 3354 rtem,
531 3294 551 3355 Ι,
566 3293 606 3344 20.
634 3293 673 3344 2:
691 3312 703 3340 n
721 3293 797 3345 Nune
816 3292 888 3344 ilium
903 3293 1049 3355 hortamur,
1068 3297 1171 3346 etc...»
1193 3307 1253 3350 cum

239 3375 270 3434 da
283 3377 338 3437 ira,
355 3375 389 3440 ΙΙ,
402 3374 442 3436 ΙΞ,
458 3374 498 3437 23,
509 3374 548 3436 et,
563 3375 603 3438 28,
618 3376 665 3431 ²94
680 3374 724 3435 ΙΙΙ,
741 3375 757 3424 5
771 3387 823 3440 sq,
835 3374 874 3425 te.
886 3376 896 3424 Ι
910 3389 916 3436 ;
932 3374 952 3435 Ι,
972 3375 1008 3437 ts,
1020 3376 1031 3426 Ι
1043 3377 1070 3426 et
1086 3374 1111 3429 d.

158 3513 160 3517 ,
270 3463 304 3526 (Ι)
325 3463 358 3514 de
371 3465 425 3525 irc,
443 3463 475 3525 ΙΙ,
491 3464 529 3514 ΙΙ.
542 3465 566 3514 2.
584 3490 607 3500 -
631 3462 710 3524 ibid,
726 3463 758 3524 ΙΙ,
771 3466 812 3514 Ι5.

271 3553 305 3617 (3)
323 3551 362 3604 (ΙΙ.
377 3551 409 3608 de
423 3552 468 3604 tra
484 3552 504 3614 Ι,
516 3553 554 3604 tc.
570 3553 598 3602 3:
619 3571 631 3598 u
649 3551 725 3614 Olim,
738 3551 830 3616 miser,
845 3552 913 3606 mori
928 3551 1044 3617 quaeris!
1062 3571 1075 3598 >r
1090 3580 1120 3590 -
1135 3553 1155 3616 Ι,
1168 3553 1216 3604 ὅθι
1230 3552 1255 3614 6,

239 3638 265 3686 et
279 3635 312 3694 11,
329 3635 366 3684 td.

272 3713 304 3766 iic
318 3714 406 3776 ciem,
417 3715 438 3774 Ι,
454 3715 513 3765 tbi
528 3716 554 3765 et
568 3717 599 3764 a:
620 3733 629 3758 ι
647 3713 744 3765 Morbis
761 3714 911 3774 medemur,
924 3725 979 3765 non
999 3713 1168 3765 irascimur...
1180 3713 1255 3767 Idem

239 3793 265 3846 iu
286 3794 338 3856 iris,
356 3807 469 3859 quorum
494 3794 598 3847 animus
622 3792 734 3847 affectus
760 3797 810 3856 est,
838 3795 926 3846 iacere
954 3793 1071 3857 debebit,
1093 3794 1135 3847 cui
1161 3793 1256 3846 tradita

240 3874 312 3928 sulus
326 3874 445 3927 omnium
461 3878 512 3926 est.
530 3893 543 3919 x

272 3965 306 4024 (Ι)
325 3963 359 4015 lte
372 3964 426 4023 tra,
443 3963 461 4026 Ι,
477 3965 514 4015 19.
531 3962 785 4024 x.-1tra.‚11.3r.
801 3963 826 4013 8.

272 4053 306 4114 tiit
325 4054 359 4104 dc
373 4051 461 4112 clem„
473 4053 492 4114 Ι,
511 4053 539 4102 ΙΙ
554 4054 582 4104 et
598 4054 645 4114 15;
661 4053 699 4103 ts.

273 4143 312 4207 td)
329 4141 466 4205 beclem..
484 4143 504 4205 Ι,
522 4142 599 4193 Ι3.Ι.
674 4177 679 4186 .
