3080 4948
691 571 887 646 -58..

283 751 323 804 re
342 750 416 804 rem
430 746 617 801 romanam
637 727 764 809 sensit,
795 724 935 798 Seneca
954 733 1095 814 contra,
1122 727 1160 798 iu
1180 725 1311 798 media

285 855 469 947 republica
481 859 659 939 versatus,
687 858 723 922 et
740 851 892 922 intuitus
912 871 1029 923 rerum
1061 871 1242 924 summam
1259 869 1311 922 ao

286 980 412 1054 muudi
426 997 530 1070 paeue
550 978 660 1048 totius
679 976 799 1046 adbuc
820 978 896 1047 uoti
921 977 1044 1050 urbem
1064 978 1307 1063 immensum,

286 1104 479 1178 nunidem
503 1103 692 1194 pertimere
709 1102 838 1191 potuit,
869 1120 990 1190 neque
1008 1102 1119 1174 ullam
1152 1117 1312 1173 noscere

287 1227 474 1302 servandae
487 1226 786 1318 paciscatiouem,
800 1232 930 1315 praeter
939 1228 1171 1318 omnipotens
1179 1231 1309 1317 caput,

287 1355 432 1428 unicum
454 1353 589 1424 scilicet
613 1350 878 1439 magistratum,
905 1358 943 1422 et
969 1352 1141 1423 omuibus
1170 1369 1310 1422 cousu-

286 1477 456 1552 leutem?
480 1477 605 1566 ltaque
629 1475 769 1566 imperii
796 1475 937 1546 ruinam
971 1504 989 1539 «
1015 1495 1178 1548 romanae
1202 1475 1311 1567 pacis

286 1605 433 1678 erilium
460 1631 477 1667 ν
508 1603 584 1674 lore
601 1599 781 1692 proliteuti
800 1600 901 1672 baud
921 1602 1058 1674 infitias
1096 1603 1207 1674 icisse
1225 1601 1308 1692 ple-

284 1749 417 1820 rusque
432 1729 570 1822 opinor,
598 1729 732 1819 quippe
750 1734 828 1823 qui,
855 1729 918 1799 illa
955 1735 1077 1816 aetale‚
1106 1747 1217 1819 quam
1236 1745 1304 1798 ra-

286 1855 375 1928 leret
388 1856 469 1927 baec
484 1857 665 1928 sententia
684 1857 791 1947 plane
809 1855 1051 1942 intelligerent
1076 1848 1138 1947 (t).

287 2107 507 2172 interceptionem
523 2119 676 2170 uerumque
690 2105 879 2170 effugientibus
890 2101 1096 2180 (ὑπηεηόντυν
1106 2108 1156 2168 τὰς
1167 2104 1307 2176 initiae

286 2192 331 2243 καὶ
346 2180 529 2262 περιπλοκὰς),
543 2187 729 2252 grandioribus
743 2192 833 2238 autem
849 2193 876 2239 et
892 2188 1039 2252 compactis
1051 2188 1108 2252 jam
1122 2187 1226 2238 atrocia
1238 2187 1306 2239 iuvi-

288 2280 349 2321 cem
374 2267 519 2318 certamina
545 2267 743 2328 exercentibus,
771 2267 917 2333 turbasque
947 2267 1084 2328 dantibus
1108 2280 1171 2318 cum
1201 2265 1309 2334 fragore

288 2348 433 2400 fluctuasse
459 2347 558 2407 omnia,
583 2350 726 2411 antequam
751 2352 823 2398 terra
846 2361 922 2398 suam
939 2352 1018 2399 nacta
1044 2361 1077 2398 ex
1101 2347 1251 2412 compactis
1279 2350 1310 2398 et

288 2426 393 2492 agitatis
407 2426 616 2492 magnitudinem
634 2440 666 2477 ac
680 2427 795 2479 stabilita
811 2432 895 2486 esset,
913 2441 973 2478 eam
991 2428 1132 2487 firmatam,
1148 2427 1230 2477 etiam
1246 2426 1308 2478 reli-

288 2505 349 2572 quis
358 2506 384 2556 iu
395 2506 453 2570 ipsa
462 2509 509 2558 aut
518 2507 617 2558 circum
627 2506 711 2572 ipsam
723 2508 890 2559 subsistendi
899 2507 1127 2572 opportunitatem
1136 2506 1306 2559 exhibuisse:

288 2586 325 2638 ita
341 2584 462 2636 maximis
477 2586 614 2637 bominum
632 2587 759 2650 potentiis
781 2592 862 2652 alque
882 2587 1002 2652 imperiis
1023 2587 1132 2638 casibus
1150 2587 1259 2651 iactatis
1280 2591 1308 2639 el

288 2666 358 2718 iuter
371 2678 402 2716 se
414 2665 522 2726 collisis,
530 2665 603 2731 quod
618 2679 700 2718 nemo
714 2681 784 2718 unus
798 2669 945 2732 imperaret
956 2667 1075 2732 reliquis,
1083 2668 1187 2719 nelleut
1199 2679 1306 2728 omues,

288 2744 480 2810 inexplicabilis
502 2745 551 2798 init
572 2749 662 2797 motus
682 2750 711 2797 et
732 2760 809 2799 error
827 2747 987 2799 aemulatio
1010 2747 1138 2800 continua
1162 2747 1305 2798 omnium:

288 2827 377 2880 donee
399 2826 482 2878 Roma
505 2826 577 2878 vires
598 2831 676 2878 nacta
699 2831 836 2888 maneta,
859 2832 888 2879 et
909 2828 937 2878 iu
961 2841 992 2880 se
1015 2829 1218 2894 constringente
1244 2840 1305 2879 cum

289 2909 386 2975 gentes
407 2909 433 2957 et
452 2907 576 2971 populos,
594 2911 648 2958 tum
667 2909 809 2973 peregriua
830 2907 910 2959 etiam
932 2912 1013 2973 atque
1028 2909 1208 2960 transmarina
1221 2921 1306 2974 regua

289 2993 318 3043 et
329 2986 457 3050 dominia,
467 2989 588 3039 maximae
598 3001 643 3039 res
658 2988 861 3041 fundamentum
873 2990 916 3042 cui
927 2991 1104 3041 inniterentur
1115 2993 1143 3041 el
1152 2990 1304 3040 firmitatem

289 3068 396 3134 adepte
410 3071 480 3129 snut,
498 3067 609 3133 imperio
630 3067 795 3133 inpacatum
815 3074 913 3121 statum
936 3071 1119 3134 circulumque
1140 3069 1305 3121 immobilem

289 3149 401 3204 redacto
418 3141 466 3218 (εἰς
480 3152 576 3222 κόσμον
591 3148 691 3220 εἰρήνης
709 3154 753 3202 καὶ
773 3150 819 3203 ἕνα
833 3152 926 3204 κύκλον
940 3160 986 3213 τῆς
1002 3154 1141 3224 ἡγεμονίας
1158 3150 1305 3204 ἄπταιστον

289 3220 497 3304 rrrprpepe'pcca).
525 3229 666 3292 (Plutarchi
695 3229 794 3294 scripta
818 3230 938 3290 moralia,
964 3229 1013 3281 Ed.
1035 3229 1236 3293 Firmiu-llidol,
1261 3229 1305 3280 Fr.

290 3310 399 3363 llubner
413 3309 585 3368 emendante,
600 3321 688 3373 graece
703 3313 730 3360 et
743 3309 833 3372 latine,
849 3310 902 3362 nul.
918 3311 938 3372 l,
953 3325 980 3377 p.
993 3311 1120 3374 389-390.)

324 3399 358 3462 (lt
378 3397 419 3450 Gi.
441 3397 475 3449 lle
492 3397 578 3461 elect,
595 3400 615 3458 1,
633 3399 657 3451 l.
680 3402 705 3449 κ.

321 3479 354 3531 Gi
368 3479 446 3532 etiam
473 3479 546 3530 l'ae..
575 3477 643 3530 Hist.
666 3480 707 3540 lv,
738 3481 777 3540 ll,
795 3479 921 3531 Cerialis:
949 3482 1072 3546 «Regna
1102 3480 1230 3544 bellaque
1256 3490 1305 3543 per

290 3559 387 3616 Gallias
402 3573 511 3625 semper
527 3560 612 3620 suere,
630 3559 719 3611 donec
734 3560 760 3610 in
783 3565 904 3611 nostrum
931 3563 976 3624 jus
1005 3560 1207 3612 concederetis.
1241 3560 1305 3619 lios,

290 3656 443 3710 quanquam
467 3642 546 3694 tolles
564 3641 692 3702 lacessiti,
707 3641 766 3705 juro
782 3641 899 3694 victoriae
914 3641 940 3693 id
956 3641 1043 3693 solum
1057 3641 1135 3693 nobis
1150 3640 1305 3693 addidimus

290 3735 344 3791 quo
357 3736 452 3789 pacem
468 3727 615 3774 tueremur.
637 3743 648 3767 ι

322 3803 398 3855 Adde
414 3804 479 3856 Tac.
499 3802 567 3854 llist.
588 3803 608 3861 l,
626 3804 654 3852 l:
674 3820 684 3848 ι
705 3803 846 3866 Postquam
870 3801 997 3854 bellatum
1009 3801 1081 3867 apud
1098 3803 1212 3863 betium,
1224 3807 1305 3866 atque

291 3897 400 3939 omnem
415 3886 576 3948 potestatem
590 3881 624 3934 od
639 3896 720 3933 unum
737 3881 852 3934 conferri
874 3883 947 3948 pacis
972 3882 1092 3934 interluit
1109 3899 1132 3944 ι;
1150 3881 1216 3934 Hict.
1238 3882 1258 3942 l,
1275 3882 1306 3931 lo

291 3964 461 4018 subnomiue
477 3963 581 4015 Galbae:
602 3983 612 4010 ι
629 3963 655 4014 sl
669 3963 829 4014 immensum
845 3962 947 4028 imperii
967 3976 1066 4028 corpus
1086 3967 1158 4016 stare
1174 3975 1206 4015 ac
1216 3961 1306 4013 librari

293 4046 352 4098 sinc
370 4048 475 4096 recture
490 4048 592 4109 posset,
609 4043 705 4110 dignus
719 4057 793 4096 eram
808 4057 823 4094 a
840 4055 893 4108 quo
908 4043 1060 4108 respublica
1073 4043 1215 4108 inciperet.
1231 4043 1306 4094 Nune

294 4139 328 4186 eo
356 4126 525 4180 necessitatis
546 4125 707 4192 jampridem
732 4128 841 4177 ventum
867 4127 967 4176 est...
989 4118 1304 4186 »-Cl.1list.1v,8,
