3062 4942
662 621 858 696 ...89-

248 784 284 850 et
302 778 422 868 ignem
446 776 611 867 denique·
631 777 739 849 totius
750 776 864 866 urbis,
880 777 989 850 totius
1004 777 1129 852 Roma
1144 777 1260 865 tectis,

247 902 444 992 injectum?
470 901 518 994 (r)
647 883 651 890 ’

293 1025 387 1111 Quid
413 1026 547 1117 plura?
584 1025 715 1098 llultos
749 1027 845 1098 enirn
880 1026 1041 1099 occidere
1075 1033 1111 1100 et
1140 1027 1253 1100 indis·

243 1156 358 1222 cretos
394 1150 551 1222 incendii
593 1169 635 1222 ac
677 1151 791 1222 ruiuae
831 1151 990 1242 potentia
1028 1158 1096 1239 est,
1136 1158 1175 1223 ut
1209 1153 1259 1224 ait

244 1275 280 1345 l.
309 1273 488 1347 Annaeus:
519 1294 637 1365 neque
665 1273 867 1347 Caesaribus
899 1275 983 1362 illia,
1019 1293 1169 1366 qnorunr
1195 1276 1257 1348 irae

241 1419 351 1490 prope
371 1401 461 1474 nihil
480 1400 660 1484 obstabat,
686 1400 835 1488 contigit
865 1400 902 1470 in
930 1401 1146 1490 semetipsos
1183 1419 1259 1472 ura-

241 1543 327 1596 nurn
357 1525 515 1614 injicere.
545 1522 637 1608 Quin
658 1531 693 1596 et
723 1524 943 1614 praestrinxit
978 1542 1099 1596 corum
1131 1525 1254 1597 oculos

242 1649 321 1738 ipsa
338 1649 526 1739 potestatis
545 1648 768 1738 magnitudo,
800 1667 918 1738 neque
950 1646 1088 1721 Seneca
1116 1649 1257 1722 censuit

241 1781 377 1846 tantarn
430 1774 571 1865 imperii
618 1774 746 1845 rnolorn
795 1791 876 1845 esse
906 1769 1140 1846 ‘elevandam
1195 1769 1254 1868 (ᾖ).

240 1897 402 1970 Ceterum
426 1899 720 1990 praetorianorum
743 1899 832 1969 satis
865 1899 1036 1970 intererat
1066 1897 1259 1970 claudiano

240 2024 409 2095 donativo
448 2022 516 2094 irui
545 2027 580 2094 et
625 2041 726 2094 anna
763 2022 890 2094 cedere
941 2029 1049 2112 togae.
1087 2019 1181 2105 Quin
1223 2026 1258 2094 et

239 2148 421 2220 nobilibus
441 2166 612 2218 novarum
632 2166 747 2218 rerum
774 2145 1043 2238 appetentibus,
1065 2143 1130 2218 sed
1159 2145 1251 2218 inter

238 2291 277 2343 se
293 2272 473 2344 discordia
484 2271 733 2358 laborantibus
748 2272 802 2342 vel
818 2269 855 2343 C,
870 2269 1011 2342 casare
1026 2270 1255 2360 interempto,

242 2416 385 2486 semper
433 2397 532 2468 licuit
570 2416 592 2466 a
637 2396 762 2485 quovis
806 2395 966 2486 principe
1014 2394 1065 2465 sic
1121 2391 1253 2484 objici:

250 2549 264 2584 o
292 2520 401 2609 Cedo,
424 2521 454 2591 si
475 2538 560 2611 spes
579 2527 661 2591 tuas
689 2520 788 2591 solus
808 2519 979 2609 impedio,
1004 2516 1186 2588 Paulusne
1206 2522 1255 2604 tc,

242 2653 276 2716 ot
290 2645 425 2717 Fabius
436 2645 629 2733 Maximus
647 2651 682 2715 ct
696 2642 798 2715 Cossi
813 2649 849 2714 et
864 2641 1001 2714 Servilii
1019 2639 1190 2714 iuranti»
1207 2635 1254 2732 (3)

240 2768 356 2859 rllquc
383 2769 468 2841 inde
496 2777 637 2841 tantum
666 2769 766 2840 licuit
793 2766 1020 2852 Caesaribus;
1046 2763 1129 2836 inde
1149 2763 1255 2835 timor

268 3070 303 3134 (l)
322 3069 363 3120 Gi.
379 3067 411 3120 dc
423 3069 518 3131 elan..
533 3069 553 3130 l,
566 3068 607 3118 ΞΒ.
626 3069 655 3118 l.

269 3169 302 3229 (2)
316 3166 355 3217 ct.
375 3166 633 3230 daberaef.,ltl1,l.
651 3165 680 3215 2:
697 3185 710 3208 a
725 3165 790 3216 lure
810 3163 888 3224 civiti,
905 3159 997 3214 omnia
1011 3159 1082 3226 rogis
1099 3158 1204 3210 arunt...
1221 3153 1256 3208 od

238 3260 319 3313 reges
333 3251 455 3313 potestas
466 3246 585 3298 omniurn
600 3245 726 3310 pertinet,
738 3244 773 3294 ad
788 3242 909 3308 singulos
923 3239 1073 3306 proprietas
1082 3257 1094 3284 n
1103 3259 1135 3276 -
1149 3237 1184 3298 ot,
1195 3245 1255 3300 capr.

238 3327 266 3376 6.
286 3330 318 3377 3:
351 3347 361 3374 ι
380 3327 471 3378 Caesar
487 3326 578 3378 omnia
593 3325 684 3385 babet,
699 3324 782 3376 tiscus
796 3325 856 3388 ejus
870 3321 972 3387 privata
985 3321 1086 3372 tanturn
1104 3327 1137 3368 ae
1153 3325 1213 3378 cunt
1229 3315 1258 3366 cl

238 3407 366 3460 universa
383 3408 411 3458 in
426 3407 541 3472 imperio
555 3407 615 3469 ejus
626 3409 699 3466 sunt,
712 3403 738 3455 in
750 3400 910 3469 patrimonio
922 3398 1042 3466 propria,
1063 3417 1075 3444 n

268 3497 310 3548 Ci.
329 3497 361 3547 dc
381 3497 477 3556 clero„
496 3496 517 3556 l,
530 3497 557 3545 5.
575 3496 609 3545 l:
628 3514 642 3538 «ι
657 3494 740 3558 Cujus
755 3493 801 3544 irae
815 3490 879 3544 nibil
891 3490 980 3542 biremi
996 3501 1027 3548 »ς
1044 3483 1121 3548 told,
1137 3483 1168 3536 'lt
1187 3499 1199 3526 u
1218 3479 1259 3534 ttlt

235 3576 348 3642 contigit
362 3575 435 3627 idern
450 3588 534 3640 posse
547 3573 621 3638 quod
635 3573 688 3624 diis
704 3587 737 3632 ις
752 3572 917 3638 passimque:
935 3565 1006 3629 oliui
1021 3563 1110 3620 omnia
1122 3561 1210 3628 [solon
1226 3579 1249 3622 r,

237 3676 248 3702 ι
261 3657 343 3708 irasci
358 3669 414 3707 non
429 3659 519 3720 potos,
531 3654 582 3704 nisi
593 3657 622 3704 ut
633 3652 724 3705 omnia
735 3655 852 3704 bomani
866 3671 889 3712 n,
901 3669 914 3692 ι
924 3645 1005 3698 claudi
1015 3639 1208 3706 auferendique
1223 3635 1258 3692 νί·

235 3741 307 3867 mgr.
318 3741 524 3868 ἓΐίιέιιιιιεὲιζηωὶ.
542 3814 580 3864 ad
593 3812 699 3877 Polyb..
715 3811 769 3872 t'll,
779 3811 809 3860 2:
822 3831 833 3854 ι
846 3805 944 3860 cauri
958 3813 1066 3870 uooooc
1080 3797 1138 3866 ipat,
1148 3795 1189 3850 cni
1200 3807 1257 3850 om·

233 3896 279 3948 nia
295 3897 379 3948 licent
394 3911 423 3954 »ς
438 3895 495 3955 llll,
508 3897 538 3945 3:
558 3915 569 3938 ι
585 3894 632 3943 llio
650 3891 733 3942 rebus
746 3889 870 3940 burnonis
880 3884 995 3952 procide
1008 3905 1064 3934 οη.
1081 3875 1255 3942 -cootpooto

232 3976 398 4028 numinis».
416 3977 504 4026 -Ad
526 3973 628 4032 liure„
643 3971 699 4022 xi:
722 3990 734 4012 α
760 3969 809 4028 Qui
831 3968 875 4018 bis
899 3961 979 4030 perciti
1002 3959 1123 4022 dodonec
1140 3951 1254 4020 portitori

232 4055 370 4106 dicantur.
387 4075 398 4096 ·

264 4151 302 4214 (3)
319 4153 356 4200 Dc
369 4151 463 4209 clem„
479 4150 499 4210 l,
514 4151 542 4199 9.
562 4149 604 4198 to.
