3062 4942
687 669 736 679 -
763 625 833 699 126
858 669 907 679 —

291 783 386 856 enirn
402 782 564 868 interest,
595 799 656 852 eru
689 786 737 866 te,
758 776 974 867 Alexander,
1010 781 1103 852 lecnl
1144 781 1305 873 Lysima-

290 909 398 980 chum
418 906 582 997 objicias,
600 924 646 975 an
665 904 741 994 ipse
760 905 896 976 laceres
916 904 1085 976 dentibus
1107 907 1177 977 luis
1193 907 1238 978 l»
1254 902 1304 1000 (l)

290 1030 422 1116 Quidni
444 1036 563 1102 auteur
581 1029 700 1100 dirurn
733 1025 933 1117 dragustunr
957 1048 1037 1100 curn
1059 1028 1173 1102 Cinna
1193 1031 1304 1103 cullu-

288 1162 457 1247 queutem
489 1155 651 1241 aderam,
680 1155 795 1226 lucurn
827 1153 927 1224 illunr
959 1154 1204 1242 notissimum,
1241 1155 1301 1228 ulti

288 1280 384 1353 livia
404 1300 492 1353 uncr
507 1280 618 1351 rirurn
637 1279 842 1369 interpellat
861 1285 896 1351 et
911 1279 1138 1351 clementiam
1155 1280 1298 1369 suadet,

288 1405 458 1497 quoniam
479 1405 540 1476 ille
557 1404 744 1477 severitate
764 1402 852 1474 nihil
873 1403 992 1475 adltuc
1014 1404 1160 1494 proiecit
1174 1404 1192 1474 l
1208 1403 1300 1490 Quid

286 1531 487 1620 Augustum
507 1529 575 1601 sibi
594 1529 835 1601 irascentem:
869 1554 883 1592 l
909 1528 1001 1614 Quid
1017 1529 1118 1618 rivis
1148 1530 1178 1601 si
1205 1531 1301 1621 peri-

287 1675 324 1728 re
348 1662 383 1727 te
403 1663 476 1727 tarn
508 1654 699 1725 rnultcrunr
727 1653 902 1725 interest?
922 1651 1009 1738 Quis
1029 1654 1113 1725 finis
1135 1655 1201 1726 erit
1221 1674 1304 1746 sup·

285 1780 508 1873 pliciorurn‘l
536 1777 623 1864 Quis
664 1778 880 1867 sanguinis?
907 1806 922 1840 »
949 1776 999 1868 (⁰2)
1027 1775 1121 1862 Quin
1158 1796 1201 1850 eu
1222 1779 1300 1869 ipsc

288 1905 385 1995 quud
400 1903 585 1977 Cornelius
609 1908 732 1974 nester
752 1903 847 1972 lrunc
877 1904 990 1973 lucunr
1024 1903 1210 1992 tragoediae
1226 1922 1301 1975 suae

286 2035 399 2100 tuturn
420 2028 614 2118 inscripsit,
644 2026 827 2098 testificari
849 2026 1006 2115 quedam
1042 2026 1149 2098 ruodo
1182 2028 1301 2118 pussi-

287 2173 368 2226 rnus
388 2153 554 2225 erirniarn
577 2152 709 2240 dialogi
726 2150 976 2222 declernentia
998 2152 1175 2223 uirtutem.
1205 2148 1251 2246 (3)

336 2276 406 2350 Sed
421 2283 458 2349 ut
479 2277 630 2367 simplex
646 2274 783 2366 aliquid
803 2276 1010 2364 elatumque
1038 2276 1157 2347 inesse
1178 2277 1234 2347 his
1256 2276 1299 2347 ll-

284 2403 360 2475 bris
376 2401 732 2474 animadvertendum
755 2406 823 2486 est,
848 2401 903 2470 'ita
938 2420 1008 2471 nun
1047 2401 1137 2492 alias
1167 2401 1297 2474 clarius

285 2529 412 2619 opinor
427 2547 465 2600 sc
479 2527 677 2618 praebuisse
692 2525 924 2616 spectandam
943 2525 1137 2615 quamdam
1154 2524 1301 2599 Senecae

284 2654 465 2747 propriam
494 2652 670 2724 scribendi
705 2652 889 2722 rationem.
921 2649 1012 2722 Sunt
1036 2653 1130 2722 enirn
1151 2652 1300 2741 pericu-

285 2780 373 2852 lusae
407 2777 595 2850 sententiae
622 2777 673 2868 (et
707 2776 852 2846 lursitan
888 2775 1061 2847 seditiosa
1093 2778 1203 2850 rideri
1240 2796 1302 2868 pu-

246 2953 250 2962 ·
284 2903 392 2976 tuerit
419 2910 517 2976 secta
553 2897 778 2993 Stoicorum),
809 2908 905 2987 sunt,
936 2908 979 2972 ut·
1007 2908 1131 2990 argute
1164 2902 1298 2974 dicturn

285 3035 341 3101 est
367 3024 431 3122 (l),
463 3045 593 3098 sensus
620 3025 777 3097 audaces
796 3044 886 3115 quos
920 3023 1058 3098 Seneca
1080 3027 1187 3116 gestit
1220 3046 1300 3118 pru-

285 3153 376 3225 lerre
403 3153 440 3223 in
469 3152 599 3236 luceru,
628 3169 743 3240 neque
762 3156 882 3222 tamen
904 3150 1070 3222 sustinet.
1101 3147 1193 3240 Ergo
1213 3170 1299 3242 pru·

285 3276 444 3368 gredilur
464 3275 570 3348 sirnul
591 3281 626 3347 et
646 3274 798 3361 recedit;
829 3273 965 3345 ambitu
1004 3271 1176 3364 quodam,
1213 3275 1299 3366 quid

315 3586 350 3646 (lt
369 3581 402 3633 lle
418 3583 496 3633 clem.
516 3582 536 3644 l,
554 3583 595 3632 i‘a'.
614 3583 640 3630 l.

317 3673 350 3735 (2)
368 3669 435 3722 leid.
453 3670 473 3732 l,
490 3671 514 3720 9.
533 3671 560 3720 δ’.

314 3760 348 3825 (3)
367 3759 484 3819 diderat,
501 3771 547 3824 ep.
564 3758 625 3814 cil„
643 3771 672 3821 p.
693 3757 755 3808 291:
776 3775 788 3801 l
805 3757 835 3809 le
851 3769 885 3808 ne
900 3757 1012 3809 connais
1027 3757 1102 3823 point
1115 3757 1300 3813 d'auteurmo·

283 3841 367 3894 derne
383 3838 428 3906 qui
440 3838 542 3904 aitplus
553 3836 702 3903 d’eualoglc
718 3849 785 3889 avec
799 3850 834 3888 un
861 3840 956 3889 auteur
984 3841 1062 3903 palen
1090 3851 1142 3904 que
1169 3839 1300 3892 Cornellle

282 3933 349 3974 arec
364 3918 500 3983 seneque.
519 3917 544 3970 Si
560 3917 658 3969 Recine
669 3915 725 3968 dell
749 3917 764 3968 d
786 3916 874 3969 Tacite
890 3916 914 3968 la
930 3916 1001 3968 belle
1019 3916 1101 3969 scene
1117 3921 1193 3971 entre
1208 3918 1300 3985 Agrip·

282 4000 345 4067 pinc
369 4001 397 4050 et
419 4009 470 4050 sen
490 3997 540 4061 llls,
558 3996 688 4050 Cerneillc
712 3994 768 4048 duit
790 3997 806 4046 a
828 3996 952 4061 seneque
981 3996 1048 4049 celle
1064 3996 1247 4062 d'engusteet
1265 3997 1300 4051 de

284 4081 403 4234 malinii.
423 4167 533 4229 llarllrn,
551 4163 759 4227 deducendes,
776 4166 843 4229 etc„
861 4178 890 4230 p.
910 4165 950 4217 98.
