3062 4942
719 617 919 692 ..92..·

312 773 470 867 praedam
484 771 679 857 validioris,
693 771 868 864 quidquid
888 792 960 846 non
975 774 1181 863 resistebat,
1194 774 1324 846 abduc·
1386 760 1390 768 ’

312 907 409 985 tum;
439 897 799 989 circumscriptiones
838 897 945 980 turta,
993 899 1152 987 fraudes,
1190 899 1322 970 intitia·

314 1025 446 1110 tiones,
478 1022 609 1114 quibus
631 1022 723 1092 trina
742 1040 813 1092 non
831 1023 1014 1094 sullicinnt
1036 1025 1124 1095 lora.
1155 1051 1171 1088 »

366 1147 423 1220 Sic
436 1147 530 1218 enim
550 1145 587 1216 L.
607 1144 780 1233 Annaeus
802 1145 838 1218 C.
863 1145 1003 1219 Caesare
1018 1148 1245 1239 interempto,
1269 1148 1326 1220 de-

317 1273 462 1346 tormem
477 1271 629 1343 civitatis
645 1271 838 1360 imaginem
856 1270 1081 1343 adumbravit
1092 1279 1129 1344 ut
1141 1292 1207 1344 sua
1223 1277 1325 1344 aetate

287 1382 467 1492 sRomam
507 1396 585 1468 sine
627 1394 735 1467 dubio
786 1395 882 1467 lama
910 1397 1072 1469 nominis
1115 1398 1171 1469 sui
1204 1398 1327 1490 imple-

316 1522 418 1592 verit.

365 1646 488 1738 Neque
510 1664 632 1718 rursus
665 1665 773 1736 uuam
789 1646 954 1737 superbae
980 1647 1086 1719 luerit
1106 1647 1325 1720 crudelitatis

318 1771 356 1844 d.
408 1769 541 1855 Caesar,
582 1789 655 1841 non
707 1768 753 1841 ad
795 1789 869 1842 rem
916 1772 1138 1862 propositam
1178 1773 1329 1863 pertinet

319 1896 430 1968 scire:
459 1897 528 1967 hoc
546 1895 678 1986 ipsum,
710 1902 749 1966 ut
782 1897 831 1967 ait
848 1895 999 1985 Seneca,
1023 1917 1107 1988 pars
1140 1898 1247 1971 luerit
1270 1899 1329 1969 irae

320 2040 428 2112 super
456 2021 559 2092 solita
580 2020 772 2092 saevientia
807 2019 899 2105 Quin
933 2028 968 2093 ct
998 2023 1187 2094 tatiacum
1218 2023 1329 2094 oculis

321 2144 525 2234 subjiceret,
557 2163 725 2234 cumque,
754 2145 938 2217 interiecto
968 2145 1129 2232 Claudio,
1163 2147 1330 2237 pietatem

320 2270 632 2360 integritatemque
653 2289 733 2341 cum
763 2269 833 2340 lide
863 2289 904 2342 ac
924 2270 1102 2343 modestia
1130 2289 1329 2363 resurgere,

321 2401 357 2468 et
387 2394 472 2466 vitia
508 2393 676 2466 diuturno
706 2394 821 2466 abusa
857 2414 966 2484 regno
998 2396 1146 2467 tandem
1180 2395 1273 2468 lelici
1293 2414 1333 2466 ac

322 2538 411 2612 puro
449 2518 582 2591 saeculo
618 2518 704 2591 dare
726 2519 842 2591 locum
877 2519 1074 2591 confideret
1095 2516 1153 2616 (l),
1181 2524 1335 2592 ,noverat

323 2643 419 2716 unda
463 2649 602 2715 tautum
644 2644 766 2715 liceret
791 2644 970 2735 depellere
1007 2645 1169 2716 morbum
1198 2651 1233 2716 et
1252 2645 1333 2714 vitia

325 2787 467 2842 exuere.
487 2766 683 2840 Stoicorum
718 2770 812 2840 enim
835 2775 969 2840 sectam
992 2770 1193 2860 amplexus,
1223 2787 1334 2840 reme-

325 2893 422 2966 dium
439 2892 653 2986 porrigebat,
672 2912 790 2983 nequc
822 2912 939 2985 pauca
958 2894 1002 2966 dc
1018 2913 1057 2966 se
1083 2895 1176 2985 ipso,
1208 2893 1333 2983 siquis

325 3037 406 3092 rere
426 3019 604 3092 existimet
626 3014 686 3113 (Ι),
708 3019 956 3109 pollicebatur.

359 3575 390 3640 tt)
409 3571 450 3626 ct.
472 3571 612 3634 declaro,
639 3571 671 3634 ll,
699 3573 720 3622 Ι.
752 3572 776 3621 Ι.
799 3595 829 3606 -
846 3569 880 3622 De
900 3570 1016 3630 tro.,ll,
1043 3569 1083 3619 to.
1110 3569 1138 3618 8:
1164 3587 1175 3613 ι
1202 3565 1337 3633 Navigium

326 3653 445 3717 multam,
460 3653 578 3720 undiquc
593 3651 685 3705 laxatis
700 3650 883 3717 compagibus,
899 3663 995 3714 aunam
1015 3649 1135 3709 trablas

357 3743 393 3812 (Ι)
412 3745 496 3810 Unum
510 3741 597 3796 locum
609 3746 653 3795 aut
669 3741 811 3794 alterumn
830 3737 919 3792 multis
932 3739 1033 3805 eligere
1054 3738 1131 3790 libet:
1152 3757 1164 3783 o
1182 3738 1249 3789 bum
1271 3737 1338 3788 inter

328 3825 450 3880 bomincs
465 3835 567 3887 snmus,
578 3823 698 3876 colamus
709 3820 917 3874 humanitatem-2
934 3832 989 3871 non
1010 3818 1097 3871 timori
1125 3818 1261 3882 cuiquam,
1285 3828 1337 3868 non

327 3905 445 3975 periculo
463 3905 557 3959 simus.
569 3925 580 3952 u
597 3903 642 3970 (lle
657 3905 711 3968 iro,
725 3905 768 3967 ΙΙΙ,
790 3903 816 3956 in
840 3903 902 3968 tine)
924 3931 953 3938 -
970 3900 1053 3962 lota,
1068 3901 1088 3964 l,
1103 3900 1145 3950 ao.
1159 3902 1186 3951 l:
1203 3919 1215 3944 «
1231 3899 1270 3951 sic
1288 3911 1337 3950 uec

328 3987 411 4042 ornari
425 3985 534 4053 quidem
545 3985 650 4040 voltam.
669 4007 681 4032 u
699 4013 728 4023 -
744 3983 784 4036 ut.
804 3982 848 4048 ΙΙΙ,
862 3985 903 4043 llll,
918 3983 961 4034 at.

359 4069 465 4122 llultum
482 4067 560 4121 ettam
582 4067 616 4121 rte
631 4081 661 4120 sc
677 4065 829 4133 speravisse
844 4064 957 4126 ridetur,
973 4062 1095 4128 quemvis
1114 4061 1194 4125 obiici
1213 4061 1293 4112 liccat
1308 4059 1338 4111 dc

329 4153 383 4212 tro,
396 4147 415 4210 Ι,
432 4147 458 4199 tu
473 4147 544 4210 ltne;
564 4147 608 4210 nr,
625 4149 649 4210 Ι,
665 4147 692 4200 at
703 4149 730 4200 ct
745 4147 786 4197 ΙΙ.
