3080 4948
257 1044 362 1135 diqui
400 1047 452 1118 sic
487 1047 807 1119 ratiocinabimur:
834 1065 1021 1119 remanum
1056 1053 1111 1119 esi
1141 1066 1225 1118 ma-

209 1169 424 1258 gistratuum
451 1190 631 1261 quemque
657 1171 913 1262 rempublicam
935 1171 1039 1262 quasi
1061 1170 1223 1258 induere,

211 1300 274 1365 aui
313 1294 519 1384 reipublicae
539 1315 661 1386 gerere
689 1315 909 1387 persenam;
941 1296 1076 1369 nemini
1105 1302 1225 1367 autem

212 1418 328 1506 magis
344 1437 452 1508 quarn
482 1420 685 1511 imperatori
702 1421 868 1493 conuenit
883 1422 961 1493 haec
981 1440 1045 1492 rex
1064 1444 1072 1492 ε
1102 1448 1118 1484 u
1134 1420 1226 1492 Res-

212 1542 355 1633 publica
372 1543 430 1630 iric
459 1563 524 1634 ego
541 1545 642 1616 sum!
666 1544 1009 1630 »Quemadmodum
1031 1546 1138 1634 igiiur
1164 1563 1228 1636 per

213 1667 483 1741 similitudinem
520 1670 715 1760 aliquando
759 1671 966 1762 reipublice
998 1671 1155 1742 animam
1186 1687 1228 1740 ac

213 1799 369 1864 mentem
392 1793 544 1866 dicimus
560 1813 641 1866 esse
667 1814 801 1884 regem,
820 1796 871 1867 sic
909 1796 1069 1885 iudicare
1092 1796 1229 1866 Seneca

213 1916 368 2004 videtur,
404 1937 476 1990 non
515 1926 649 2007 aulem,
682 1925 779 2010 putu,
814 1919 957 1992 dicendi
992 1919 1108 2010 figura
1137 1937 1229 2009 qua-

215 2040 313 2132 dam,
339 2042 403 2114 sed
427 2043 646 2135 imperatorii
671 2045 830 2117 muneris
851 2045 989 2117 ratione
1009 2044 1152 2135 penitus
1172 2048 1230 2113 in-

219 2165 366 2256 uagata.

265 2293 389 2365 Mundi
409 2292 504 2364 enim
538 2312 652 2378 mens,
684 2293 781 2383 quud
815 2291 943 2366 Stoicis
974 2293 1104 2383 piacet,
1124 2295 1232 2366 innu-

220 2437 317 2490 mera
338 2419 497 2492 materiae
522 2420 643 2508 praua
673 2419 879 2491 moderatur
900 2438 942 2490 ac
966 2420 1078 2508 regim
1101 2420 1234 2492 ercuiit

219 2543 405 2616 iniormcm
442 2545 615 2616 unitatem
655 2551 762 2635 acque
803 2545 982 2636 explicam
1022 2544 1154 2616 hedum
1196 2545 1233 2615 in

220 2670 385 2741 universe
417 2671 623 2760 componit;
650 2688 776 2760 pacem
810 2668 1004 2760 quamdam
1047 2670 1232 2749 conciliat:

221 2794 349 2866 meiern
390 2794 488 2865 iiiam
528 2795 741 2866 immensam
764 2795 948 2866 constituit
968 2794 1003 2864 in
1038 2813 1181 2885 cerpus,
1201 2800 1236 2866 ei

221 2919 324 3008 quasi
346 2937 462 2990 rerum
483 2918 518 2990 in
535 2919 671 3008 gremio
689 2919 826 3005 abdira,
844 2918 986 2990 diuitem
1019 2919 1179 3008 quidem,
1202 2924 1238 2990 at

220 3043 257 3114 in
287 3061 325 3115 se
351 3042 551 3116 discordem
573 3043 762 3134 dispensat
791 3043 1049 3115 elementorum
1085 3043 1237 3114 uarieta-

222 3173 306 3239 iem.
321 3163 400 3252 Qua
418 3167 619 3252 desideum,
633 3168 722 3240 sciri
739 3167 863 3258 incipit
890 3186 1061 3257 magnum
1078 3168 1136 3239 hic
1160 3186 1239 3239 cur-

221 3291 530 3382 pusdiriduntur
570 3291 731 3363 membra
764 3297 966 3381 compacta,
1000 3298 1036 3363 ei
1069 3291 1240 3381 ligamina

223 3417 541 3488 repercuterem
570 3415 825 3498 dissiliuncer
864 3414 956 3486 redit
999 3415 1155 3487 mundus
1196 3413 1242 3485 ad

223 3541 348 3612 chaos.
385 3539 482 3611 Adeo
522 3545 664 3612 constat
694 3539 790 3611 hanc
823 3539 980 3610 animam
1013 3558 1093 3611 esse
1136 3539 1243 3609 simui

227 3664 350 3737 mundi
372 3671 525 3737 mentem
549 3684 590 3737 ac
610 3664 893 3757 prevideniimu!
916 3661 963 3758 (1)

258 3920 293 3980 (i)
311 3917 350 3969 ci.
366 3916 493 3978 Boissier‚
507 3915 589 3981 detq.
605 3929 685 3980 rom„
707 3921 725 3969 i.
748 3917 768 3978 l,
786 3930 813 3983 p.
827 3917 884 3979 293,
899 3920 926 3968 ei
939 3917 962 3968 J.
978 3915 1070 3979 lienis,
1087 3913 1212 3968 Tde'orr'er
1223 3917 1248 3967 ct

223 3996 293 4050 idrus
307 3997 424 4050 murales
438 3998 508 4050 dunc
538 3997 698 4064 deprimite,
715 4001 733 4049 t.
747 3998 780 4060 11,
795 4013 821 4064 p.
838 3998 900 4048 224:
921 4017 933 4042 ι(
951 3997 1095 4060 Qu'esice,
1112 4010 1146 4050 eu
1175 3994 1247 4059 uisci,

227 4093 281 4145 que
302 4081 373 4133 cctie
398 4079 567 4147 intelligencc
583 4079 693 4145 unique,
710 4093 762 4146 quc
779 4084 822 4132 cet
845 4079 929 4144 esprii
950 4079 1085 4132 universal
1101 4077 1248 4144 quiscum

228 4159 347 4214 Manilius
362 4164 390 4214 et
404 4160 509 4227 Virque,
520 4159 620 4214 circule
650 4159 720 4213 dans
737 4159 865 4213 l'unirers
880 4163 907 4212 ci
922 4159 1010 4213 anime
1024 4162 1086 4213 tous
1099 4159 1139 4212 les
1163 4171 1248 4212 mam·
