3062 4942
563 1269 714 1346 CAPUT
739 1270 805 1346 llll

195 1504 275 1590 Quo
294 1524 413 1580 muno.
429 1505 599 1578 Nunonuu
621 1503 761 1578 Sunuci
788 1523 1016 1578 cununnmmu
1036 1525 1171 1580 nounnr

227 1790 404 1876 Quoniam
424 1790 532 1880 igitur
551 1789 730 1861 exanimo
749 1789 886 1862 Seneca
901 1789 945 1863 de
968 1791 1106 1881 imperii
1130 1811 1191 1864 ne-

178 1917 345 1989 cessitate
376 1915 531 2006 scripsit,
563 1914 658 1985 unde
685 1913 725 1985 lit
757 1921 796 1986 ut
823 1915 943 1986 nimiis
972 1915 1189 2006 quibrrsdam

177 2039 364 2113 blanditiis
381 2039 627 2111 auctoritatem
649 2057 768 2126 suam,
785 2039 1016 2131 philosophia
1044 2041 1203 2130 quidem

179 2165 321 2255 lidequo
355 2163 603 2237 confirmatam
634 2181 676 2234 ao
704 2165 894 2254 munitam,
921 2165 1060 2239 eleuare
1092 2166 1191 2238 rida-

179 2289 290 2361 atur?

180 2461 182 2468 -
226 2413 338 2488 Nemo
359 2413 453 2489 enim
474 2414 543 2485 hoe
573 2411 795 2498 initiabitur,
816 2413 934 2504 speeie
964 2414 1107 2505 saltam,
1125 2415 1192 2486 ali-

179 2539 325 2632 quando
356 2539 395 2610 L.
446 2539 621 2612 Annaeum
663 2538 698 2609 in
744 2544 866 2609 nostro
916 2538 1059 2629 dialogo
1101 2539 1194 2612 ultra

178 2662 441 2754 indulgentiam
472 2681 553 2754 qnae
582 2667 728 2734 vocatur
749 2661 957 2754 pervadere.
985 2661 1037 2733 rln
1062 2681 1191 2746 omnes

180 2790 329 2861 alierum
349 2786 546 2859 blanditias
563 2786 669 2857 illas?
688 2783 740 2856 rin
762 2785 849 2858 illud
869 2785 1052 2858 exordium
1070 2788 1105 2858 in
1122 2807 1194 2878 quo

179 2913 336 3003 loquitur
371 2911 414 2982 de
452 2910 604 2983 Neronis
637 2917 732 2982 reete
760 2910 863 2981 laetis
902 2910 1193 3001 virtutibusque?

178 3035 557 3129 Expeditne‚honoris
587 3054 712 3121 causa,
744 3053 942 3107 memorare
970 3036 1049 3108 lraee
1084 3042 1192 3126 atque

180 3163 250 3234 aliu
277 3162 377 3233 looa:
408 3159 685 3231 «Rarissimam
716 3159 858 3231 laudem
889 3167 923 3231 et
956 3161 1043 3232 nulli
1075 3160 1193 3233 adnuo

178 3275 379 3380 principum
397 3303 606 3356 ooneessam
624 3283 837 3374 concupisti,
850 3284 1092 3356 innocentiam
1104 3281 1187 3381 (l).»

180 3410 273 3496 Quin
320 3409 461 3482 medius
499 3407 606 3481 fidius
648 3409 828 3481 extollitur
877 3435 893 3471 «
931 3409 1076 3482 bonitas
1125 3411 1195 3483 ista

181 3535 388 3626 singularis.
424 3561 438 3598 u
481 3533 657 3606 Praetereo
700 3532 845 3623 quidem
883 3534 1056 3606 «honam
1093 3554 1196 3607 oons-

182 3661 348 3734 oientiam
378 3686 394 3722 »
420 3659 516 3728 illam
538 3678 646 3748 quam
665 3658 840 3729 Neronem
866 3684 882 3720 u
901 3658 1001 3747 iuvat
1020 3659 1196 3751 inspicere

183 3791 219 3858 et
244 3784 429 3857 circumire
450 3779 511 3878 (d).
539 3809 554 3847 υ
585 3782 654 3855 Sed
687 3783 800 3854 ourin
821 3782 952 3854 serium
982 3790 1116 3857 vertero
1149 3785 1199 3856 ui-

217 4063 250 4129 (l)
268 4061 300 4114 lle
315 4062 406 4124 clem„
422 4062 443 4126 l,
459 4063 484 4113 l.
501 4064 529 4113 li.

218 4153 252 4218 (ἢ)
269 4151 303 4204 lle
317 4149 408 4214 oleru,
425 4150 444 4215 1,
461 4152 486 4200 l.
508 4152 530 4200 l.
