3080 4948
620 607 818 681 ..69-

209 763 422 856 conspicua,
458 763 600 853 signum
631 762 738 834 simul
767 761 916 834 unitatis
943 767 978 833 et
1004 761 1226 852 praesidinm.

210 889 287 972 lile,
314 894 352 960 ut
379 888 429 960 ait
449 886 599 973 Seneca,
618 887 764 977 spiritus
795 887 912 958 uitatis
933 905 1039 976 quem
1067 887 1147 958 haec
1178 893 1230 959 tet

213 1014 325 1084 mittin
344 1014 504 1098 trahunt,
528 1012 572 1083 ad
590 1012 719 1082 divinae
738 1011 868 1082 mentis
889 1012 1002 1082 instar
1021 1011 1093 1082 sive
1125 1012 1226 1097 soiiS,

213 1137 334 1209 radies
356 1138 458 1209 terris
479 1144 514 1208 et
547 1135 678 1207 animis
714 1135 953 1222 immittentis,
976 1141 1011 1206 et
1030 1135 1227 1206 humanam

215 1269 369 1333 mentem
390 1261 631 1332 informantis.

260 1386 387 1458 Nonne
425 1385 532 1474 igitur
568 1391 718 1475 apparet
754 1403 826 1455 nen
852 1383 901 1455 ita
937 1403 1058 1456 secum
1092 1385 1227 1456 discre-

211 1530 298 1602 pare
318 1509 507 1595 Senecam,
532 1510 604 1580 sire
639 1509 682 1580 de
708 1509 780 1580 Dec
800 1509 968 1598 loquatur
990 1509 1026 1579 in
1061 1507 1226 1594 Quaestio-

210 1636 309 1708 attus
333 1634 657 1720 anteradensem
678 1634 722 1706 de
751 1633 912 1725 principe
936 1633 972 1704 in
993 1633 1136 1724 dialogo
1169 1634 1226 1706 cni

211 1761 402 1834 clementia
422 1758 660 1831 inscribitur?

258 1884 365 1975 Atqui
398 1884 509 1956 menti
526 1884 576 1954 iiii
604 1881 811 1974 reipublicae
832 1902 1005 1969 romanae,
1027 1890 1067 1955 ut
1099 1902 1225 1956 omnes

210 2030 327 2102 usqne
345 2010 391 2082 ad
408 2016 555 2082 mertem
573 2028 698 2100 parere
726 2008 840 2096 decet,
862 2010 912 2081 ita
944 2010 1077 2101 proprii
1098 2028 1225 2100 cerpe-

208 2139 258 2209 ris
277 2136 473 2208 ualetndini
493 2135 682 2208 consulere
712 2135 874 2206 naturaie
892 2154 1022 2207 munus
1039 2142 1094 2207 est
1113 2136 1226 2226 impe-

208 2264 314 2334 sitnm
334 2285 342 2332 :
366 2260 412 2333 ad
432 2261 468 2331 id
490 2260 634 2350 quidem
652 2260 833 2348 Angustus
857 2260 1056 2348 studuerat,
1075 2279 1226 2352 praeser-

206 2389 269 2459 tim
302 2385 399 2478 qnod
437 2363 575 2476 priseos
609 2403 726 2456 meres
762 2403 926 2456 revocure
960 2403 1040 2456 cnm
1073 2385 1224 2458 decretis

203 2519 279 2584 tum
320 2513 513 2603 puetarum
542 2509 762 2582 carminibus
790 2527 985 2598 aggressus
1026 2517 1094 2582 est.
1119 2508 1221 2595 Quod

150 2659 154 2666 ·
207 2642 327 2708 antem
347 2635 393 2707 ad
412 2635 451 2706 L.
469 2616 644 2706 Annaeum
662 2634 802 2718 attinet,
824 2652 897 2704 nnn
915 2634 1018 2706 aliter
1037 2635 1067 2706 ei
1085 2653 1127 2706 ac
1142 2653 1225 2706 nos·

208 2762 272 2832 tris
293 2760 435 2852 septimi
455 2759 585 2832 decimi
618 2757 741 2830 saeculi
760 2758 900 2830 vivendi
940 2759 1223 2849 praeceptoribus

206 2885 354 2976 placuit,
372 2884 563 2975 plurimum
582 2883 700 2955 valere
726 2882 763 2952 in
790 2882 918 2954 civium
942 2883 1098 2954 moribus
1125 2883 1224 2973 prin-

208 3010 298 3100 cipis
338 3027 457 3080 mores
493 3015 601 3098 atque
632 3007 849 3097 exemptum.
883 3005 1021 3078 Etenim
1054 3007 1222 3098 quisque,

207 3133 343 3225 primas
369 3137 553 3204 tenentem
593 3131 770 3221 respicere
800 3131 941 3218 sniituS,
968 3130 1055 3203 boni
1078 3131 1140 3201 riri
1157 3109 1224 3221 pn-

208 3263 352 3330 nentem
376 3257 559 3346 exemplar
573 3255 770 3346 principem
801 3256 977 3345 seqnitur,
1001 3263 1109 3344 atque
1140 3253 1223 3326 inde

205 3381 410 3472 respublica
426 3381 538 3452 cietur
566 3380 613 3451 ad
647 3380 830 3451 uirtutem.
868 3379 980 3451 imme
1007 3381 1071 3451 alit
1094 3397 1224 3470 cerpus

207 3525 311 3580 sunm
334 3507 457 3578 anima
477 3505 550 3591 iiia,
577 3532 593 3568 «
613 3505 749 3576 nnllam
771 3524 843 3576 nun
858 3505 1064 3596 reipublicae
1084 3511 1223 3597 partem

206 3642 383 3723 tanquam
418 3633 473 3704 sni
493 3631 604 3703 nutrit
623 3658 639 3694 u
666 3626 727 3726 (i),
752 3637 787 3702 et
822 3649 951 3722 panem
983 3637 1018 3702 et
1046 3631 1224 3703 circenses

207 3758 421 3850 impertitur.
444 3756 541 3829 Adeo
558 3756 660 3828 decet
674 3755 769 3827 cives
786 3756 908 3827 emnia
928 3756 1068 3828 trahere
1085 3755 1131 3826 ab
1160 3755 1226 3825 im-

208 3891 386 3975 peratore,
405 3882 540 3969 cibnm‚
563 3899 704 3972 pacem,
720 3880 842 3951 uitam.
866 3879 909 3952 Et
936 3881 1051 3971 ipsius
1076 3878 1224 3951 Senecae

240 4165 277 4228 (t)
297 4163 330 4215 iio
344 4164 431 4226 ciem,
442 4165 462 4225 1,
479 4164 516 4214 13.
533 4165 558 4213 4.
