3062 4942
625 623 845 694 -135-

222 778 344 869 posse,
362 782 396 848 et
415 775 606 848 clementia
634 775 845 867 principem,
870 794 951 847 cum
972 777 1073 848 atteri
1089 777 1225 848 condo-

175 917 176 922 ‘
221 919 307 972 nare
320 900 428 971 vitam
443 898 635 986 rideretur,
656 898 810 988 sibiipsi
828 917 988 989 parcere.

268 1023 360 1110 Quid
382 1021 517 1095 mulia?
535 1021 779 1095 Romanarum
798 1042 914 1095 rernm
937 1025 1043 1096 satuti
1064 1041 1230 1096 necessa-

219 1150 308 1219 riam
342 1166 423 1220 essc
455 1151 554 1218 ratus
588 1147 695 1218 unius
716 1146 980 1234 auctoritatem,
1003 1149 1229 1220 clementiam

218 1272 545 1365 principemuocet.
568 1272 731 1363 Namque
748 1273 869 1343 omnia
899 1292 1011 1364 penes
1039 1272 1232 1359 Caeserem,

220 1398 325 1470 modo
343 1398 517 1469 militibus
534 1398 712 1488 placuerit
726 1395 858 1470 Caesar.
883 1396 1074 1490 Supererat
1086 1399 1231 1489 quidem

219 1522 384 1606 Patribus
403 1523 466 1613 J'us
488 1523 606 1613 legum
636 1522 967 1595 instituendarum:
991 1543 1062 1614 quo
1097 1524 1232 1611 obtato,

218 1649 423 1721 absolutum
455 1645 627 1720 Antonini
657 1648 934 1739 universumque
962 1649 1234 1740 capessiverunt

217 1773 418 1866 imperinm.
441 1772 566 1864 Neque
582 1779 704 1845 tamen
737 1773 821 1845 inde
855 1773 1041 1846 laborasse
1061 1774 1236 1866 respubli-

219 1916 261 1970 ca
279 1898 429 1970 videtur.
452 1899 522 1970 Sed
542 1903 581 1969 ut
599 1897 788 1988 pulchrum
818 1896 928 1969 videri
951 1904 1069 1988 potest
1085 1896 1232 1970 Senecae

219 2023 413 2111 somnium,
442 2022 493 2093 iia
527 2040 636 2093 noum
681 2021 810 2094 accidit
852 2021 1074 2096 desiderari:
1121 2021 1254 2095 virum

219 2165 398 2218 summum
435 2152 543 2237 atque
571 2146 782 2237 perfectum.

676 2427 749 2484 ¹v

265 2753 495 2844 Deniquessi
524 2753 630 2826 Dioni
662 2753 842 2826 credimus
862 2751 926 2849 (t),
942 2737 1129 2846 jusserunt
1161 2756 1228 2830 Pa-

219 2887 289 2952 tres
322 2879 527 2970 conscripti,
558 2886 682 2952 orante
715 2881 864 2965 Seneca,
896 2882 1047 2972 primam
1078 2883 1176 2955 iiiam
1211 2903 1232 2955 a

217 3004 357 3077 Nerone
390 3004 436 3076 ad
476 3012 643 3076 senatum
688 3005 848 3076 habitam
880 3007 1078 3079 orationem
1107 3008 1144 3079 in
1179 3028 1230 3081 aes

217 3129 326 3201 incidi
348 3129 560 3219 recitarique
579 3130 774 3220 quotannis
797 3149 920 3204 mense
939 3132 1119 3222 ianuario.
1144 3132 1232 3205 Pro-

219 3255 362 3327 dierunt
399 3255 507 3348 igitur
551 3254 630 3326 iibri
671 3255 714 3326 do
756 3256 936 3328 clementio
980 3259 1079 3330 hand
1121 3259 1232 3330 mutto

217 3387 410 3471 postquam
455 3381 519 3452 rite
565 3380 751 3452 recitatum
795 3388 890 3454 est:
941 3401 1059 3473 neque
1111 3390 1232 3456 tamen

221 3506 257 3576 id
306 3505 511 3596 Agrippina
554 3523 637 3576 mor
687 3507 842 3597 profuit,
889 3525 1007 3597 neque
1051 3514 1102 3581 tot
1153 3509 1233 3580 aliis

218 3630 317 3722 circa·¹
350 3629 551 3714 Neronem,
591 3632 683 3702 inter
726 3650 816 3721 qnos
857 3631 933 3722 ipse
975 3631 1135 3721 Seneca,
1177 3635 1234 3704 cni

218 3754 405 3826 commode
437 3755 615 3846 optaveris
647 3756 713 3825 troc
743 3756 778 3826 in
817 3756 919 3828 tertio
958 3757 1000 3827 de
1034 3759 1088 3828 iro
1125 3759 1235 3849 scrip-

220 3885 316 3950 tum:
347 3907 363 3944 α
382 3878 541 3951 Accessit
562 3880 690 3970 itaque
726 3880 979 3953 adnumerum
1015 3901 1137 3954 eorum
1170 3883 1231 3973 qui

251 4160 286 4226 (q
300 4160 364 4222 nm,
388 4161 403 4212 a
419 4163 446 4212 et
457 4163 482 4212 5.
