<?xml version="1.0" encoding="UTF-8"?>
<!DOCTYPE html PUBLIC "-//W3C//DTD XHTML 1.0 Transitional//EN"
    "http://www.w3.org/TR/xhtml1/DTD/xhtml1-transitional.dtd">
<html xmlns="http://www.w3.org/1999/xhtml" xml:lang="en" lang="en">
 <head>
  <title>
</title>
<meta http-equiv="Content-Type" content="text/html;charset=utf-8" />
  <meta name='ocr-system' content='tesseract 3.04.00' />
  <meta name='ocr-capabilities' content='ocr_page ocr_carea ocr_par ocr_line ocrx_word'/>
</head>
<body>
  <div class='ocr_page' id='page_1' title='image "./quiddeclementia00dorigoog_0069.png"; bbox 0 0 3080 4948; ppageno 0'>
   <div class='ocr_carea' id='block_1_1' title="bbox 657 579 853 652">
    <p class='ocr_par' dir='ltr' id='par_1_1' title="bbox 657 579 853 652">
     <span class='ocr_line' id='line_1_1' title="bbox 657 579 853 652; baseline 0 -18"><span class='ocrx_word' id='word_1_1' title='bbox 657 579 853 652; x_wconf 81' lang='lat'>...60-</span> 
     </span>
    </p>
   </div>
   <div class='ocr_carea' id='block_1_2' title="bbox 193 707 1270 2448">
    <p class='ocr_par' dir='ltr' id='par_1_2' title="bbox 193 707 1255 950">
     <span class='ocr_line' id='line_1_2' title="bbox 193 707 1255 824; baseline -0.006 -14"><span class='ocrx_word' id='word_1_2' title='bbox 193 804 195 810; x_wconf 88' lang='lat'>.</span> <span class='ocrx_word' id='word_1_3' title='bbox 299 729 405 824; x_wconf 78' lang='lat' dir='ltr'>litqui</span> <span class='ocrx_word' id='word_1_4' title='bbox 422 707 496 822; x_wconf 90' lang='lat' dir='ltr'>jam</span> <span class='ocrx_word' id='word_1_5' title='bbox 519 730 702 820; x_wconf 79' lang='lat' dir='ltr'><strong>attigimus</strong></span> <span class='ocrx_word' id='word_1_6' title='bbox 718 729 804 821; x_wconf 87' lang='lat' dir='ltr'>quid</span> <span class='ocrx_word' id='word_1_7' title='bbox 838 730 875 803; x_wconf 95' lang='lat' dir='ltr'>in</span> <span class='ocrx_word' id='word_1_8' title='bbox 895 729 1042 808; x_wconf 88' lang='lat' dir='ltr'>Senecae</span> <span class='ocrx_word' id='word_1_9' title='bbox 1063 732 1255 820; x_wconf 85' lang='lat' dir='ltr'>sententia,</span> 
     </span>
     <span class='ocr_line' id='line_1_3' title="bbox 250 854 1090 950; baseline 0.002 -22"><span class='ocrx_word' id='word_1_10' title='bbox 250 855 420 950; x_wconf 77' lang='lat' dir='ltr'>peculiari</span> <span class='ocrx_word' id='word_1_11' title='bbox 440 854 564 942; x_wconf 80' lang='lat' dir='ltr'>modo,</span> <span class='ocrx_word' id='word_1_12' title='bbox 589 854 750 926; x_wconf 90' lang='lat' dir='ltr'>animum</span> <span class='ocrx_word' id='word_1_13' title='bbox 770 854 929 928; x_wconf 90' lang='lat' dir='ltr'>detinere</span> <span class='ocrx_word' id='word_1_14' title='bbox 947 855 1090 931; x_wconf 86' lang='lat' dir='ltr'><strong>debeat.</strong></span> 
     </span>
    </p>

    <p class='ocr_par' dir='ltr' id='par_1_3' title="bbox 252 978 1267 2074">
     <span class='ocr_line' id='line_1_4' title="bbox 300 978 1262 1071; baseline 0 -19"><span class='ocrx_word' id='word_1_15' title='bbox 300 979 451 1052; x_wconf 86' lang='lat' dir='ltr'>Tantum</span> <span class='ocrx_word' id='word_1_16' title='bbox 481 979 576 1052; x_wconf 92' lang='lat' dir='ltr'>enim</span> <span class='ocrx_word' id='word_1_17' title='bbox 615 978 837 1051; x_wconf 77' lang='lat' dir='ltr'><strong>auctoritatis</strong></span> <span class='ocrx_word' id='word_1_18' title='bbox 875 980 1080 1071; x_wconf 90' lang='lat' dir='ltr'>imperatori</span> <span class='ocrx_word' id='word_1_19' title='bbox 1115 980 1262 1053; x_wconf 87' lang='lat' dir='ltr'>manda-</span> 
     </span>
     <span class='ocr_line' id='line_1_5' title="bbox 252 1103 1261 1196; baseline -0.001 -19"><span class='ocrx_word' id='word_1_20' title='bbox 252 1112 343 1188; x_wconf 85' lang='lat' dir='ltr'>tum,</span> <span class='ocrx_word' id='word_1_21' title='bbox 371 1103 451 1176; x_wconf 86' lang='lat' dir='ltr'>ritae</span> <span class='ocrx_word' id='word_1_22' title='bbox 478 1104 625 1194; x_wconf 84' lang='lat' dir='ltr'>inquam</span> <span class='ocrx_word' id='word_1_23' title='bbox 647 1104 818 1194; x_wconf 82' lang='lat' dir='ltr'>necisque</span> <span class='ocrx_word' id='word_1_24' title='bbox 836 1103 910 1194; x_wconf 90' lang='lat' dir='ltr'>jns,</span> <span class='ocrx_word' id='word_1_25' title='bbox 941 1106 1099 1196; x_wconf 91' lang='lat' dir='ltr'>oportuit</span> <span class='ocrx_word' id='word_1_26' title='bbox 1118 1104 1165 1177; x_wconf 88' lang='lat' dir='ltr'>ad</span> <span class='ocrx_word' id='word_1_27' title='bbox 1195 1125 1261 1196; x_wconf 91' lang='lat' dir='ltr'>pu-</span> 
     </span>
     <span class='ocr_line' id='line_1_6' title="bbox 253 1228 1262 1320; baseline -0.006 -15"><span class='ocrx_word' id='word_1_28' title='bbox 253 1230 385 1306; x_wconf 85' lang='lat' dir='ltr'>blicam</span> <span class='ocrx_word' id='word_1_29' title='bbox 418 1228 607 1300; x_wconf 85' lang='lat' dir='ltr'>utilitatem</span> <span class='ocrx_word' id='word_1_30' title='bbox 638 1228 752 1300; x_wconf 88' lang='lat' dir='ltr'>verti:</span> <span class='ocrx_word' id='word_1_31' title='bbox 799 1246 890 1320; x_wconf 90' lang='lat' dir='ltr'>opus</span> <span class='ocrx_word' id='word_1_32' title='bbox 919 1229 1065 1320; x_wconf 84' lang='lat' dir='ltr'>quidem</span> <span class='ocrx_word' id='word_1_33' title='bbox 1099 1229 1262 1302; x_wconf 88' lang='lat' dir='ltr'>dilircilli-</span> 
     </span>
     <span class='ocr_line' id='line_1_7' title="bbox 256 1357 1260 1468; baseline 0 -35"><span class='ocrx_word' id='word_1_34' title='bbox 256 1379 367 1434; x_wconf 92' lang='lat' dir='ltr'>mum.</span> <span class='ocrx_word' id='word_1_35' title='bbox 395 1358 519 1450; x_wconf 86' lang='lat' dir='ltr'>Neque</span> <span class='ocrx_word' id='word_1_36' title='bbox 539 1358 627 1431; x_wconf 90' lang='lat' dir='ltr'><strong>satis</strong></span> <span class='ocrx_word' id='word_1_37' title='bbox 647 1365 723 1431; x_wconf 87' lang='lat' dir='ltr'>erat</span> <span class='ocrx_word' id='word_1_38' title='bbox 741 1357 888 1432; x_wconf 89' lang='lat' dir='ltr'>Senecae</span> <span class='ocrx_word' id='word_1_39' title='bbox 904 1359 1081 1434; x_wconf 88' lang='lat' dir='ltr'>Neronem</span> <span class='ocrx_word' id='word_1_40' title='bbox 1115 1360 1161 1468; x_wconf 78' lang='lat' dir='ltr'>lle</span> <span class='ocrx_word' id='word_1_41' title='bbox 1189 1361 1260 1433; x_wconf 92' lang='lat' dir='ltr'>cle·</span> 
     </span>
     <span class='ocr_line' id='line_1_8' title="bbox 256 1481 1264 1577; baseline -0.003 -18"><span class='ocrx_word' id='word_1_42' title='bbox 256 1484 392 1558; x_wconf 91' lang='lat' dir='ltr'>mentia</span> <span class='ocrx_word' id='word_1_43' title='bbox 411 1482 523 1556; x_wconf 90' lang='lat' dir='ltr'><strong>luisse</strong></span> <span class='ocrx_word' id='word_1_44' title='bbox 539 1483 725 1555; x_wconf 92' lang='lat' dir='ltr'>monitum.</span> <span class='ocrx_word' id='word_1_45' title='bbox 753 1481 845 1569; x_wconf 87' lang='lat' dir='ltr'>Quin</span> <span class='ocrx_word' id='word_1_46' title='bbox 870 1485 1051 1577; x_wconf 83' lang='lat' dir='ltr'>publicam</span> <span class='ocrx_word' id='word_1_47' title='bbox 1071 1486 1171 1558; x_wconf 90' lang='lat' dir='ltr'>illam</span> <span class='ocrx_word' id='word_1_48' title='bbox 1199 1485 1264 1556; x_wconf 87' lang='lat' dir='ltr'>vir-</span> 
     </span>
     <span class='ocr_line' id='line_1_9' title="bbox 256 1607 1266 1700; baseline -0.002 -17"><span class='ocrx_word' id='word_1_49' title='bbox 256 1616 368 1683; x_wconf 90' lang='lat' dir='ltr'>tutem</span> <span class='ocrx_word' id='word_1_50' title='bbox 388 1608 510 1680; x_wconf 86' lang='lat' dir='ltr'><strong>stoicis</strong></span> <span class='ocrx_word' id='word_1_51' title='bbox 530 1607 714 1699; x_wconf 83' lang='lat' dir='ltr'>principiis</span> <span class='ocrx_word' id='word_1_52' title='bbox 750 1609 909 1683; x_wconf 85' lang='lat' dir='ltr'>stabilire</span> <span class='ocrx_word' id='word_1_53' title='bbox 943 1629 1153 1700; x_wconf 77' lang='lat' dir='ltr'>aggressus,</span> <span class='ocrx_word' id='word_1_54' title='bbox 1183 1612 1266 1682; x_wconf 92' lang='lat' dir='ltr'><strong>stni·</strong></span> 
     </span>
     <span class='ocr_line' id='line_1_10' title="bbox 257 1731 1267 1807; baseline -0.002 0"><span class='ocrx_word' id='word_1_55' title='bbox 257 1752 336 1807; x_wconf 87' lang='lat' dir='ltr'>cam</span> <span class='ocrx_word' id='word_1_56' title='bbox 357 1733 454 1804; x_wconf 91' lang='lat' dir='ltr'>illam</span> <span class='ocrx_word' id='word_1_57' title='bbox 476 1732 600 1804; x_wconf 85' lang='lat' dir='ltr'>mundi</span> <span class='ocrx_word' id='word_1_58' title='bbox 621 1731 904 1806; x_wconf 84' lang='lat' dir='ltr'>moderationem</span> <span class='ocrx_word' id='word_1_59' title='bbox 924 1734 1123 1807; x_wconf 85' lang='lat' dir='ltr'>secundum</span> <span class='ocrx_word' id='word_1_60' title='bbox 1154 1733 1267 1807; x_wconf 82' lang='lat' dir='ltr'>excel·</span> 
     </span>
     <span class='ocr_line' id='line_1_11' title="bbox 257 1857 1264 1951; baseline -0.001 -19"><span class='ocrx_word' id='word_1_61' title='bbox 257 1860 334 1934; x_wconf 91' lang='lat' dir='ltr'><strong>sius</strong></span> <span class='ocrx_word' id='word_1_62' title='bbox 350 1857 533 1949; x_wconf 80' lang='lat' dir='ltr'>exemplar</span> <span class='ocrx_word' id='word_1_63' title='bbox 551 1857 649 1949; x_wconf 85' lang='lat' dir='ltr'>quod</span> <span class='ocrx_word' id='word_1_64' title='bbox 668 1857 705 1929; x_wconf 97' lang='lat' dir='ltr'>in</span> <span class='ocrx_word' id='word_1_65' title='bbox 727 1864 844 1931; x_wconf 87' lang='lat' dir='ltr'>mente</span> <span class='ocrx_word' id='word_1_66' title='bbox 865 1860 970 1951; x_wconf 86' lang='lat' dir='ltr'><strong>quasi</strong></span> <span class='ocrx_word' id='word_1_67' title='bbox 1006 1860 1163 1949; x_wconf 85' lang='lat' dir='ltr'><strong>iuvabat,</strong></span> <span class='ocrx_word' id='word_1_68' title='bbox 1186 1859 1264 1932; x_wconf 87' lang='lat' dir='ltr'><strong>des-</strong></span> 
     </span>
     <span class='ocr_line' id='line_1_12' title="bbox 257 1982 393 2074; baseline -0.022 -18"><span class='ocrx_word' id='word_1_69' title='bbox 257 1982 393 2074; x_wconf 88' lang='lat' dir='ltr'>cripsit.</span> 
     </span>
    </p>

    <p class='ocr_par' dir='ltr' id='par_1_4' title="bbox 258 2106 1270 2448">
     <span class='ocr_line' id='line_1_13' title="bbox 306 2106 1270 2199; baseline 0 -19"><span class='ocrx_word' id='word_1_70' title='bbox 306 2106 442 2198; x_wconf 88' lang='lat' dir='ltr'>Nempe</span> <span class='ocrx_word' id='word_1_71' title='bbox 455 2106 609 2197; x_wconf 93' lang='lat' dir='ltr'>primum</span> <span class='ocrx_word' id='word_1_72' title='bbox 630 2107 794 2198; x_wconf 89' lang='lat' dir='ltr'>populari</span> <span class='ocrx_word' id='word_1_73' title='bbox 814 2107 970 2199; x_wconf 84' lang='lat' dir='ltr'>quonam</span> <span class='ocrx_word' id='word_1_74' title='bbox 1000 2108 1142 2182; x_wconf 87' lang='lat' dir='ltr'>dicendi</span> <span class='ocrx_word' id='word_1_75' title='bbox 1163 2126 1270 2199; x_wconf 82' lang='lat' dir='ltr'>gene·</span> 
     </span>
     <span class='ocr_line' id='line_1_14' title="bbox 258 2231 1267 2322; baseline 0 -18"><span class='ocrx_word' id='word_1_76' title='bbox 258 2251 295 2304; x_wconf 93' lang='lat' dir='ltr'>re</span> <span class='ocrx_word' id='word_1_77' title='bbox 316 2232 530 2321; x_wconf 74' lang='lat' dir='ltr'>cornigero,</span> <span class='ocrx_word' id='word_1_78' title='bbox 559 2231 657 2321; x_wconf 85' lang='lat' dir='ltr'>quod</span> <span class='ocrx_word' id='word_1_79' title='bbox 689 2231 841 2305; x_wconf 86' lang='lat' dir='ltr'><strong>addens</strong></span> <span class='ocrx_word' id='word_1_80' title='bbox 876 2234 1016 2322; x_wconf 83' lang='lat' dir='ltr'>attinet,</span> <span class='ocrx_word' id='word_1_81' title='bbox 1052 2234 1267 2307; x_wconf 88' lang='lat' dir='ltr'>sententiam</span> 
     </span>
     <span class='ocr_line' id='line_1_15' title="bbox 261 2355 445 2448; baseline -0.016 -18"><span class='ocrx_word' id='word_1_82' title='bbox 261 2355 445 2448; x_wconf 87' lang='lat' dir='ltr'>explicuit.</span> 
     </span>
    </p>
   </div>
   <div class='ocr_carea' id='block_1_3' title="bbox 261 2984 1274 3834">
    <p class='ocr_par' dir='ltr' id='par_1_5' title="bbox 261 2984 1274 3834">
     <span class='ocr_line' id='line_1_16' title="bbox 311 2984 1273 3081; baseline -0.012 -15"><span class='ocrx_word' id='word_1_83' title='bbox 311 2991 529 3065; x_wconf 89' lang='lat' dir='ltr'>Stoicienim</span> <span class='ocrx_word' id='word_1_84' title='bbox 551 2989 706 3081; x_wconf 85' lang='lat' dir='ltr'>quodum</span> <span class='ocrx_word' id='word_1_85' title='bbox 729 2987 835 3059; x_wconf 90' lang='lat' dir='ltr'>modo</span> <span class='ocrx_word' id='word_1_86' title='bbox 871 2987 963 3059; x_wconf 87' lang='lat' dir='ltr'><strong>fictis</strong></span> <span class='ocrx_word' id='word_1_87' title='bbox 995 2985 1091 3076; x_wconf 82' lang='lat' dir='ltr'>uulgi</span> <span class='ocrx_word' id='word_1_88' title='bbox 1119 2985 1187 3058; x_wconf 90' lang='lat' dir='ltr'><strong>diis</strong></span> <span class='ocrx_word' id='word_1_89' title='bbox 1219 2984 1273 3055; x_wconf 90' lang='lat' dir='ltr'>in-</span> 
     </span>
     <span class='ocr_line' id='line_1_17' title="bbox 262 3111 1271 3201; baseline -0.008 -12"><span class='ocrx_word' id='word_1_90' title='bbox 262 3117 459 3190; x_wconf 85' lang='lat' dir='ltr'>dulserant.</span> <span class='ocrx_word' id='word_1_91' title='bbox 503 3115 815 3188; x_wconf 77' lang='lat' dir='ltr'>verumenimvero</span> <span class='ocrx_word' id='word_1_92' title='bbox 867 3112 1005 3183; x_wconf 90' lang='lat' dir='ltr'>romani</span> <span class='ocrx_word' id='word_1_93' title='bbox 1037 3111 1271 3201; x_wconf 90' lang='lat' dir='ltr'>imperatores</span> 
     </span>
     <span class='ocr_line' id='line_1_18' title="bbox 262 3235 1271 3336; baseline -0.008 -22"><span class='ocrx_word' id='word_1_94' title='bbox 262 3261 326 3336; x_wconf 89' lang='lat' dir='ltr'>prn</span> <span class='ocrx_word' id='word_1_95' title='bbox 347 3242 415 3314; x_wconf 87' lang='lat' dir='ltr'><strong>diis</strong></span> <span class='ocrx_word' id='word_1_96' title='bbox 434 3247 678 3331; x_wconf 84' lang='lat' dir='ltr'>tuncquoque</span> <span class='ocrx_word' id='word_1_97' title='bbox 715 3237 829 3310; x_wconf 89' lang='lat' dir='ltr'><strong>habiti</strong></span> <span class='ocrx_word' id='word_1_98' title='bbox 863 3242 965 3309; x_wconf 90' lang='lat' dir='ltr'>erant</span> <span class='ocrx_word' id='word_1_99' title='bbox 993 3236 1029 3307; x_wconf 97' lang='lat' dir='ltr'>in</span> <span class='ocrx_word' id='word_1_100' title='bbox 1068 3235 1271 3327; x_wconf 67' lang='lat' dir='ltr'>prouinciis</span> 
     </span>
     <span class='ocr_line' id='line_1_19' title="bbox 265 3339 1274 3456; baseline -0.008 -18"><span class='ocrx_word' id='word_1_101' title='bbox 265 3367 338 3440; x_wconf 82' lang='lat' dir='ltr'><strong>siue</strong></span> <span class='ocrx_word' id='word_1_102' title='bbox 372 3366 545 3456; x_wconf 84' lang='lat' dir='ltr'>religione</span> <span class='ocrx_word' id='word_1_103' title='bbox 580 3365 703 3454; x_wconf 85' lang='lat' dir='ltr'><strong>aliqua</strong></span> <span class='ocrx_word' id='word_1_104' title='bbox 736 3368 798 3434; x_wconf 90' lang='lat' dir='ltr'>aut</span> <span class='ocrx_word' id='word_1_105' title='bbox 822 3339 1092 3433; x_wconf 76' lang='lat' dir='ltr'>&#39;consuetudine</span> <span class='ocrx_word' id='word_1_106' title='bbox 1119 3360 1274 3433; x_wconf 87' lang='lat' dir='ltr'>inductis</span> 
     </span>
     <span class='ocr_line' id='line_1_20' title="bbox 264 3483 1274 3579; baseline -0.007 -15"><span class='ocrx_word' id='word_1_107' title='bbox 264 3492 409 3579; x_wconf 88' lang='lat' dir='ltr'>animis,</span> <span class='ocrx_word' id='word_1_108' title='bbox 439 3509 503 3563; x_wconf 89' lang='lat' dir='ltr'>seu</span> <span class='ocrx_word' id='word_1_109' title='bbox 524 3488 742 3562; x_wconf 88' lang='lat' dir='ltr'>memoribus</span> <span class='ocrx_word' id='word_1_110' title='bbox 766 3485 1035 3558; x_wconf 84' lang='lat' dir='ltr'>beneficiorum.</span> <span class='ocrx_word' id='word_1_111' title='bbox 1068 3483 1161 3569; x_wconf 86' lang='lat' dir='ltr'>Quin</span> <span class='ocrx_word' id='word_1_112' title='bbox 1198 3485 1274 3575; x_wconf 90' lang='lat' dir='ltr'>lpse</span> 
     </span>
     <span class='ocr_line' id='line_1_21' title="bbox 265 3610 1273 3700; baseline -0.007 -12"><span class='ocrx_word' id='word_1_113' title='bbox 265 3616 302 3688; x_wconf 84' lang='lat' dir='ltr'>t.</span> <span class='ocrx_word' id='word_1_114' title='bbox 331 3615 489 3689; x_wconf 80' lang='lat' dir='ltr'>Arrnaeus</span> <span class='ocrx_word' id='word_1_115' title='bbox 521 3615 633 3688; x_wconf 87' lang='lat' dir='ltr'>[teum</span> <span class='ocrx_word' id='word_1_116' title='bbox 655 3631 735 3685; x_wconf 91' lang='lat' dir='ltr'><strong>esse</strong></span> <span class='ocrx_word' id='word_1_117' title='bbox 755 3610 969 3700; x_wconf 74' lang='lat' dir='ltr'>magnetum,</span> <span class='ocrx_word' id='word_1_118' title='bbox 1002 3628 1073 3682; x_wconf 93' lang='lat' dir='ltr'>non</span> <span class='ocrx_word' id='word_1_119' title='bbox 1099 3615 1273 3700; x_wconf 86' lang='lat' dir='ltr'>tanquam</span> 
     </span>
     <span class='ocr_line' id='line_1_22' title="bbox 261 3731 1273 3834; baseline -0.007 -21"><span class='ocrx_word' id='word_1_120' title='bbox 261 3742 400 3834; x_wconf 75' lang='lat' dir='ltr'><strong>iussus,</strong></span> <span class='ocrx_word' id='word_1_121' title='bbox 429 3741 579 3816; x_wconf 87' lang='lat' dir='ltr'>credidit</span> <span class='ocrx_word' id='word_1_122' title='bbox 611 3744 674 3811; x_wconf 89' lang='lat' dir='ltr'>aut</span> <span class='ocrx_word' id='word_1_123' title='bbox 704 3737 888 3831; x_wconf 89' lang='lat' dir='ltr'>protessus</span> <span class='ocrx_word' id='word_1_124' title='bbox 924 3740 979 3808; x_wconf 92' lang='lat' dir='ltr'>est</span> <span class='ocrx_word' id='word_1_125' title='bbox 999 3731 1060 3831; x_wconf 83' lang='lat' dir='ltr'>(l).</span> <span class='ocrx_word' id='word_1_126' title='bbox 1103 3732 1273 3828; x_wconf 83' lang='lat' dir='ltr'><strong>Quasque</strong></span> 
     </span>
    </p>
   </div>
   <div class='ocr_carea' id='block_1_4' title="bbox 295 3978 1274 4054">
    <p class='ocr_par' dir='ltr' id='par_1_6' title="bbox 295 3978 1274 4054">
     <span class='ocr_line' id='line_1_23' title="bbox 295 3978 1274 4054; baseline -0.009 -14"><span class='ocrx_word' id='word_1_127' title='bbox 295 3989 329 4054; x_wconf 85' lang='lat' dir='ltr'>(ll</span> <span class='ocrx_word' id='word_1_128' title='bbox 347 3987 388 4039; x_wconf 87' lang='lat' dir='ltr'>cr.</span> <span class='ocrx_word' id='word_1_129' title='bbox 407 3985 549 4049; x_wconf 73' lang='lat' dir='ltr'>Decium,</span> <span class='ocrx_word' id='word_1_130' title='bbox 566 3986 587 4049; x_wconf 84' lang='lat' dir='ltr'>i,</span> <span class='ocrx_word' id='word_1_131' title='bbox 605 3987 646 4038; x_wconf 87' lang='lat' dir='ltr'>lo.</span> <span class='ocrx_word' id='word_1_132' title='bbox 666 3985 698 4036; x_wconf 82' lang='lat'>3:</span> <span class='ocrx_word' id='word_1_133' title='bbox 718 4003 730 4030; x_wconf 77' lang='lat' dir='ltr'>o</span> <span class='ocrx_word' id='word_1_134' title='bbox 747 3983 832 4035; x_wconf 85' lang='lat' dir='ltr'>ileum</span> <span class='ocrx_word' id='word_1_135' title='bbox 861 3994 933 4043; x_wconf 88' lang='lat' dir='ltr'><strong>esse,</strong></span> <span class='ocrx_word' id='word_1_136' title='bbox 966 3995 1020 4034; x_wconf 93' lang='lat' dir='ltr'>nnn</span> <span class='ocrx_word' id='word_1_137' title='bbox 1045 3984 1171 4052; x_wconf 84' lang='lat' dir='ltr'>tanquam</span> <span class='ocrx_word' id='word_1_138' title='bbox 1197 3978 1274 4048; x_wconf 82' lang='lat' dir='ltr'><strong>jussi,</strong></span> 
     </span>
    </p>
   </div>
   <div class='ocr_carea' id='block_1_5' title="bbox 264 4067 1273 4214">
    <p class='ocr_par' dir='ltr' id='par_1_7' title="bbox 264 4067 1273 4214">
     <span class='ocr_line' id='line_1_24' title="bbox 264 4067 1273 4214; baseline -0.01 -14"><span class='ocrx_word' id='word_1_139' title='bbox 264 4067 526 4209; x_wconf 41' lang='lat' dir='ltr'>wzqmlltlfsltolssien</span> <span class='ocrx_word' id='word_1_140' title='bbox 543 4145 744 4214; x_wconf 82' lang='lat' dir='ltr'>op.eit.,t.l,p.</span> <span class='ocrx_word' id='word_1_141' title='bbox 756 4144 809 4206; x_wconf 83' lang='lat' dir='ltr'>rrt,</span> <span class='ocrx_word' id='word_1_142' title='bbox 828 4143 884 4194; x_wconf 73' lang='lat' dir='ltr'><strong>iifl.</strong></span> <span class='ocrx_word' id='word_1_143' title='bbox 894 4170 920 4180; x_wconf 91' lang='lat'>-</span> <span class='ocrx_word' id='word_1_144' title='bbox 937 4143 1025 4196; x_wconf 86' lang='lat' dir='ltr'>Victor</span> <span class='ocrx_word' id='word_1_145' title='bbox 1040 4142 1217 4208; x_wconf 82' lang='lat' dir='ltr'>iluruy,llist.</span> <span class='ocrx_word' id='word_1_146' title='bbox 1229 4141 1273 4193; x_wconf 80' lang='lat' dir='ltr'>der</span> 
     </span>
    </p>
   </div>
   <div class='ocr_carea' id='block_1_6' title="bbox 0 0 1554 4948">
    <p class='ocr_par' dir='ltr' id='par_1_8' title="bbox 0 0 1554 4948">
     <span class='ocr_line' id='line_1_25' title="bbox 0 0 1554 4948; baseline 0 0"><span class='ocrx_word' id='word_1_147' title='bbox 0 0 1554 4948; x_wconf 95' lang='lat' dir='ltr'> </span> 
     </span>
    </p>
   </div>
   <div class='ocr_carea' id='block_1_7' title="bbox 1531 1031 1548 4905">
    <p class='ocr_par' dir='ltr' id='par_1_9' title="bbox 1531 1031 1548 4905">
     <span class='ocr_line' id='line_1_26' title="bbox 1531 1031 1548 4905; baseline 0 0"><span class='ocrx_word' id='word_1_148' title='bbox 1531 1031 1548 4905; x_wconf 95' lang='lat' dir='ltr'> </span> 
     </span>
    </p>
   </div>
   <div class='ocr_carea' id='block_1_8' title="bbox 1531 1075 1548 4905">
    <p class='ocr_par' dir='ltr' id='par_1_10' title="bbox 1531 1075 1548 4905">
     <span class='ocr_line' id='line_1_27' title="bbox 1531 1075 1548 4905; baseline 0 0"><span class='ocrx_word' id='word_1_149' title='bbox 1531 1075 1548 4905; x_wconf 95' lang='lat' dir='ltr'> </span> 
     </span>
    </p>
   </div>
   <div class='ocr_carea' id='block_1_9' title="bbox 1531 1075 1548 4905">
    <p class='ocr_par' dir='ltr' id='par_1_11' title="bbox 1531 1075 1548 4905">
     <span class='ocr_line' id='line_1_28' title="bbox 1531 1075 1548 4905; baseline 0 0"><span class='ocrx_word' id='word_1_150' title='bbox 1531 1075 1548 4905; x_wconf 95' lang='lat' dir='ltr'> </span> 
     </span>
    </p>
   </div>
   <div class='ocr_carea' id='block_1_10' title="bbox 1531 1075 1548 4905">
    <p class='ocr_par' dir='ltr' id='par_1_12' title="bbox 1531 1075 1548 4905">
     <span class='ocr_line' id='line_1_29' title="bbox 1531 1075 1548 4905; baseline 0 0"><span class='ocrx_word' id='word_1_151' title='bbox 1531 1075 1548 4905; x_wconf 95' lang='lat' dir='ltr'> </span> 
     </span>
    </p>
   </div>
   <div class='ocr_carea' id='block_1_11' title="bbox 1531 1075 1548 4905">
    <p class='ocr_par' dir='ltr' id='par_1_13' title="bbox 1531 1075 1548 4905">
     <span class='ocr_line' id='line_1_30' title="bbox 1531 1075 1548 4905; baseline 0 0"><span class='ocrx_word' id='word_1_152' title='bbox 1531 1075 1548 4905; x_wconf 95' lang='lat' dir='ltr'> </span> 
     </span>
    </p>
   </div>
  </div>
 </body>
</html>
