3062 4942
669 611 891 686 -122-

320 769 360 841 ln
377 765 537 840 secundo
555 771 675 837 autem
692 764 735 836 dc
751 766 807 836 iro
824 765 930 854 libro,
959 767 1006 839 ad
1032 769 1182 842 exiliora
1198 787 1284 842 cou-

271 895 392 967 fitetur
410 893 479 965 sibi
498 891 732 964 veniendum:
768 918 785 955 «
813 890 1015 977 Quaerimus
1035 895 1132 967 enim
1168 901 1284 967 utrum

274 1022 327 1091 ira
343 1018 491 1108 judicio,
525 1035 572 1087 an
603 1017 739 1106 impetu
759 1017 919 1108 incipiat.
948 1018 1063 1091 Debet
1093 1026 1213 1092 autem
1251 1019 1287 1090 iu

276 1144 354 1216 haec
374 1161 413 1214 se
433 1141 619 1214 demittere
639 1140 849 1231 disputatio,
869 1148 907 1212 ut
922 1142 969 1213 ad
984 1143 1046 1214 iiia
1065 1162 1211 1235 quoque
1235 1145 1289 1216 al-

273 1270 364 1342 tiora
392 1267 507 1358 possit
534 1283 725 1354 exsurgere
746 1262 808 1360 (i).
829 1294 846 1330 »
870 1264 1089 1341 strictiorem
1125 1269 1289 1342 similiter

274 1390 483 1484 disputandi
517 1390 672 1481 speciem
707 1389 865 1461 ostendit
902 1391 1003 1463 initio
1032 1393 1112 1464 iibri
1144 1394 1291 1466 atterius

272 1518 315 1589 dc
341 1516 534 1603 clementio,
562 1515 669 1586 veluti
699 1514 860 1586 medicus
888 1515 1144 1608 interpretatur
1177 1518 1291 1591 morbi

273 1643 378 1732 sigua
398 1648 433 1713 et
456 1640 636 1730 dignoscit
665 1640 819 1729 capitale
850 1641 1047 1730 quoddam.
1070 1642 1125 1715 Ad
1144 1644 1292 1715 exiliora

272 1768 381 1857 igitur
400 1785 438 1838 se
456 1765 610 1838 demittit
626 1788 634 1854 ;
664 1770 775 1855 utque
790 1765 944 1857 priorem
965 1766 1093 1839 librum
1125 1775 1292 1841 ancorato

274 1891 393 1982 potius
440 1889 596 1961 sermoni
652 1907 761 1978 quam
790 1890 1017 1963 scholasticae
1055 1891 1291 1984 disputationi

275 2013 481 2087 summatim
525 2013 783 2103 aequiparabiS,
829 2015 893 2102 ita,
940 2015 977 2086 iu
1012 2017 1138 2103 altero,
1185 2018 1291 2107 quasi

276 2139 491 2230 compressit
527 2157 673 2209 manum
713 2156 949 2229 pugnumque
982 2139 1076 2225 iecit,
1120 2141 1228 2213 modo
1262 2141 1293 2213 si

274 2271 370 2336 recte
391 2263 437 2335 ab
454 2263 498 2334 iis
521 2281 603 2352 quae
631 2269 838 2353 supersunt,
872 2263 1128 2354 dijudicamus,
1157 2266 1292 2338 omisso

275 2388 420 2478 quidem
439 2387 516 2459 iibri
533 2387 648 2459 initio.

325 2513 487 2602 Denique
516 2511 796 2583 confertertium
829 2512 872 2584 dc
894 2513 951 2584 iro
970 2513 1098 2586 librum
1129 2534 1210 2587 cum
1250 2517 1295 2588 iis
1349 2605 1355 2612 ,

276 2657 361 2729 quae
376 2637 479 2709 tertio
494 2637 573 2708 locu
608 2636 797 2728 pollicetur
813 2635 951 2709 Seneca
980 2657 1019 2710 se
1039 2639 1084 2710 de
1105 2640 1294 2713 clementia

276 2782 357 2836 esse
375 2762 634 2854 professurum,
664 2780 731 2831 nos
767 2763 1104 2836 autemamisimus.
1141 2793 1157 2828 «ι
1190 2761 1293 2850 Quod

278 2888 431 2959 maxime
459 2885 686 2973 desiderasti,
715 2885 864 2975 Novate,
886 2888 1115 2960 nunciacere
1142 2890 1294 2962 tentabi-

277 3032 372 3101 muS,
393 3013 483 3083 iram
504 3011 668 3082 excidere
706 3012 851 3100 animis,
880 3018 943 3084 aut
962 3020 1057 3087 certe
1092 3014 1289 3105 refrenare,

278 3145 313 3211 et
340 3139 495 3228 impetus
515 3136 593 3226 ejus
615 3136 779 3207 inhibere
796 3132 856 3231 (ἓ).
873 3164 889 3202 »
912 3136 1039 3211 Nonne
1060 3138 1216 3210 vicinum
1237 3145 1292 3212 est

278 3263 375 3354 quod
395 3263 537 3353 scripsit
552 3262 596 3335 dc
611 3263 714 3334 tertio
737 3262 870 3352 dialogi
891 3263 1002 3334 nostri
1023 3264 1138 3336 libro:
1170 3292 1187 3328 «
1214 3265 1294 3338 Ter-

278 3389 327 3460 tio
355 3388 432 3460 ioco
467 3407 684 3478 quaeremus,
710 3389 891 3478 quomodo
925 3389 971 3460 ad
1000 3391 1095 3462 banc
1128 3391 1292 3464 virtutem

279 3511 516 3610 (clementiam
551 3510 642 3609 dicu)
674 3514 890 3605 perducatur
925 3516 1079 3601 animus,
1113 3516 1294 3606 quomodo

278 3639 464 3711 confirmet
484 3657 563 3709 eam
585 3645 619 3711 et
639 3658 704 3711 usu
734 3657 838 3710 suam
855 3639 989 3711 iaciat?
1015 3637 1078 3733 (3).
1109 3668 1125 3703 n

312 3971 673 4038 fflmwffimmb

314 4062 615 4129 fflfflmfflbb

315 4151 637 4220 mmmffibb
