883 1310
59 1164 78 1184 ,ἡ
59 1127 75 1160 ,μζ

417 184 441 187 -
455 174 479 192 56
493 184 516 188 -

212 212 235 230 ed
248 211 338 235 publicam
352 211 455 234 utilitatem,
473 214 491 230 et
506 212 602 231 clementia
617 214 720 236 temperare

213 243 247 261 sibi
258 243 356 266 proposuit.

237 274 288 296 Quod
297 276 356 293 autem
371 274 395 292 ad
405 274 453 292 illam
471 275 547 298 principi
561 275 669 298 descriptam
682 275 722 293 im-

212 310 280 324 mensae
294 306 388 328 potestatis
400 306 497 328 imaginem
509 306 580 328 attinet,
595 311 631 324 non
643 306 667 325 ad
683 307 724 324 ins-

213 339 241 355 tar
260 337 297 355 noti
320 337 369 360 apud
388 341 422 354 uos
438 337 553 360 praeceptoris
569 342 609 355 eam
627 338 722 361 explicuit,

213 372 273 390 regem
283 372 335 385 suum
346 367 429 385 allocuti:
448 374 456 383 τι
469 366 484 385 Ο
494 372 531 389 rex,
552 368 614 386 omnia
637 368 672 386 ista
689 370 722 386 tua

213 400 262 417 sunt.
277 406 285 414 ι»
314 398 352 416 l-ioc
376 398 501 417 tautummodo
520 399 591 417 censuit
605 404 722 418 romanarum

214 435 271 448 rerum
282 430 369 448 interesse
378 430 393 447 si
404 434 451 448 unus
461 430 547 453 magister
560 431 640 449 exstaret
654 432 672 449 et
682 435 723 449 rna-

214 461 299 484 gistratus
316 461 437 484 omnipotens.
466 460 541 482 Qualem
559 462 636 484 quisque
654 463 721 480 sortem

214 494 317 515 statumque
332 492 405 513 habeat,
414 494 433 510 ut
449 492 480 513 ait,
495 492 513 510 in
530 497 584 510 manu
601 492 678 511 Neronis
686 494 721 515 est,

214 523 299 546 quoniam
310 525 328 541 et
343 523 423 541 censoris
437 525 544 546 potestatem
559 524 605 546 gerit
614 524 720 547 imperator,

213 557 231 573 et
240 555 336 576 civitatem,
351 554 366 572 si
376 554 437 572 resita
446 554 485 575 lert.
496 554 577 577 largitur,
592 557 663 578 etquos
672 555 723 574 dele-

214 586 240 608 git
249 585 340 608 equitibus
348 585 439 606 adscribit,
455 587 486 603 aut
494 585 583 604 Patribus.
595 586 621 604 Ad
629 587 664 604 hoc
672 587 723 609 prin-

214 617 272 640 cipem
282 616 343 639 populi
353 616 442 639 urbesque
453 616 544 639 litigantes
560 617 646 635 arbitrum
661 619 722 636 statu-

214 650 254 671 unt,
268 650 286 666 et
295 647 381 666 adversus
388 649 474 670 praetores
488 649 563 666 tutorem
574 648 649 670 hahent.
669 650 687 667 et
701 654 724 667 ex

214 684 302 703 responso
311 679 350 702 ejus
364 679 429 697 laetitiae
446 684 512 697 causas
522 680 631 703 concipiunt,
646 680 667 698 Et
682 685 725 699 vec-

214 711 277 734 tigalia
287 710 389 734 speculatur
396 711 487 733 princeps,
501 713 519 729 et
527 711 590 729 indicit
602 713 647 734 quot
657 712 724 730 milites

215 743 306 765 colligere,
320 746 392 765 quaque
400 742 418 759 in
430 742 529 764 provincia,
546 742 635 765 expediat.
651 743 724 761 Nullam

215 774 262 792 enim
273 775 342 796 partem
353 773 416 791 florere
429 773 463 791 nisi
473 773 543 791 volente
553 774 667 797 propitioque
675 775 725 797 prin·

215 805 254 828 cipe
262 804 332 823 Seneca
341 806 477 826 commemorat,
487 804 574 823 Neronem
586 805 681 823 allocutus.
696 805 724 823 Au

214 837 256 858 linc,
270 837 336 859 praeest
349 835 457 853 exercitibus
465 835 548 858 princeps
558 841 562 853 :
577 836 619 854 inde
630 843 638 852 «
647 837 687 855 haec
698 838 724 855 tot

216 868 271 886 millia
281 867 381 890 gladiorum
392 874 400 882 »ι
417 871 458 889 quze
468 871 502 889 pax
519 867 595 885 Neronis
613 868 723 891 comprimit,

219 907 225 914 v·
232 899 254 917 ml
262 900 324 917 nutum
333 898 456 920 stringentur»
462 911 466 915 .
473 897 522 919 Quas
527 899 586 916 autem
593 899 677 917 nationes
683 899 724 917 tun-

216 930 325 949 dilnsexcidi
333 930 421 952 oporteat,
429 929 643 952 princepsetiamstntuit,
649 932 667 948 et
675 935 722 953 quas

216 961 340 985 trunsportari,
349 960 395 979 sicut
403 960 511 978 turbulentis
519 960 591 983 populis
599 962 617 979 et
625 961 721 984 imperium

215 992 340 1011 rernsantibus
351 992 375 1010 uti
386 991 516 1009 consuetudine
531 991 637 1010 invaluerat.
652 992 723 1011 Rursus

215 1024 280 1046 quibus
297 1023 396 1041 libertatem
414 1022 453 1040 dari
470 1022 560 1045 expediat,
583 1023 649 1046 quibus
669 1024 723 1047 eripi,

215 1060 255 1076 quare
271 1056 325 1073 ruant
344 1054 404 1075 urbes,
420 1058 461 1076 quae
481 1053 568 1076 oriantur,
591 1054 614 1072 ad
630 1054 722 1074 Neronem
