3080 4948
650 619 699 633 ...
728 578 766 653 Μ
797 621 846 634 ...

239 739 406 827 properat
439 733 477 804 L.
512 730 696 804 nnnaeos:
742 739 916 823 quantum
947 734 1041 807 euim
1090 735 1250 808 distata

240 879 323 948 rege
344 867 531 950 tyrannus,
558 875 666 946 quam
688 856 855 928 decorum
877 858 923 929 sit
955 860 1105 950 principi
1135 861 1249 932 virere
1369 913 1371 918 -

240 983 447 1076 optantibus
468 981 619 1068 cunctis,
642 982 710 1053 hoc
730 980 876 1053 Senecae
905 983 1023 1073 piacet
1049 985 1164 1072 iruire,
1183 985 1251 1056 hoc

242 1107 423 1180 somniare
441 1112 476 1178 et
491 1106 616 1197 patriae
636 1123 715 1176 rere
732 1113 916 1196 parentem
939 1108 984 1179 ad
1003 1109 1128 1180 celum
1152 1109 1252 1198 Juvat

239 1233 408 1304 extoliere
425 1255 433 1302 ε
462 1249 535 1315 uon
555 1237 775 1321 praepostera
791 1237 883 1316 vota,
908 1231 1013 1303 modo
1030 1233 1250 1321 memineris,

240 1357 337 1448 apud
374 1356 540 1442 Dionem,
565 1353 618 1446 (i)
654 1373 765 1445 prope
812 1355 858 1426 ab
891 1355 992 1428 initio
1029 1357 1252 1448 principatus

239 1481 411 1574 prosequi
453 1479 629 1552 Neronem
668 1477 705 1550 G.
744 1477 896 1551 Caesaris
933 1482 1116 1572 exemplar
1157 1478 1253 1576 (xli-

240 1603 330 1701 XX).
358 1605 511 1694 Jamque
532 1603 622 1675 iiiior
637 1602 773 1693 primus
792 1603 900 1677 finem
921 1605 1067 1694 habeat,
1089 1606 1159 1677 nisi
1185 1607 1254 1678 tria

241 1732 360 1823 capita
380 1736 568 1802 occurrant
584 1730 618 1799 iu
641 1729 772 1820 quibus
789 1731 946 1802 exactior
961 1731 1127 1821 quaedam
1160 1731 1252 1804 doc-

244 1857 337 1928 trina
354 1873 525 1945 expressa
544 1861 622 1926 est:
653 1855 726 1924 sive
742 1854 945 1926 consideret
964 1854 1102 1928 Seneca
1132 1876 1153 1926 a
1172 1858 1253 1945 qui-

244 1983 310 2053 bus
326 1981 446 2052 causis
467 1979 592 2070 punire
608 1979 787 2068 principes
804 1980 957 2063 soleant,
981 1981 1053 2052 sire
1074 1981 1253 2070 quomodo

245 2124 325 2177 sose
342 2123 448 2194 agero
464 2104 621 2175 debeant
635 2103 688 2174 vei
711 2103 756 2174 ab
776 2103 1018 2189 inferioribus,
1039 2106 1092 2176 rei
1112 2124 1132 2175 a
1160 2107 1255 2196 pori-

245 2231 311 2301 bus
347 2230 448 2320 petiti
477 2228 688 2318 violatione:
731 2229 803 2299 sire
843 2229 1009 2320 princeps
1052 2230 1087 2300 iu
1128 2231 1256 2302 aiienis

249 2355 390 2444 injuriis
426 2353 652 2424 vindicandis
687 2359 859 2442 sequatur
893 2354 972 2424 haec
990 2355 1057 2424 tria
1086 2374 1167 2444 quae
1199 2356 1254 2426 ier

249 2486 372 2550 secuta
392 2485 470 2550 est:
503 2484 564 2548 aui
596 2483 635 2548 ut
660 2496 756 2560 eum,
787 2496 892 2566 quem
925 2479 1039 2568 punit,
1073 2480 1254 2566 emendet,

244 2609 306 2674 aut
324 2611 488 2693 utpoena
502 2603 579 2693 ejus
598 2607 735 2673 ceteros
756 2602 921 2673 meliores
952 2603 1091 2688 reddat,
1126 2611 1187 2674 aut
1202 2610 1254 2692 ut,

244 2727 395 2798 sublatis
417 2727 536 2814 maiis,
558 2726 756 2796 securiores
772 2726 877 2797 ceteri
906 2726 1025 2796 vivant
1045 2725 1133 2820 (XX,
1159 2726 1254 2816 XXI,

243 2852 364 2944 xxii).

294 2975 398 3062 Quod
419 2983 539 3047 autem
557 2976 604 3047 ad
619 2977 817 3048 secundum
835 2977 963 3048 iihrum
984 2977 1124 3056 attinet,
1164 2977 1255 3050 iuci-

244 3104 362 3175 dimus
378 3102 506 3172 iterum
527 3101 563 3171 iu
590 3100 716 3172 iaudes
738 3101 901 3173 Neronis.
931 3101 975 3173 ut
991 3101 1086 3172 enim
1119 3101 1163 3173 de
1183 3103 1256 3174 cie-

244 3227 378 3298 meniia
398 3225 582 3310 scriberet,
606 3244 677 3295 una
706 3225 841 3296 scilicet
882 3223 1055 3296 Senecam
1086 3228 1258 3317 compuiit

245 3349 1257 3442 Caesarisror.Nempe,-utscriptorispropeverbaipsa

244 3495 427 3566 usurpem,
455 3514 504 3525 -
531 3473 846 3545 animadversurus
882 3474 918 3543 in
964 3474 1122 3545 latrones
1165 3475 1256 3546 diros

245 3591 380 3663 Burrus
398 3590 566 3678 exigebat
584 3609 606 3660 a
625 3589 779 3675 Nerone,
800 3589 984 3675 scriberet,
1024 3590 1059 3659 in
1094 3609 1185 3679 quos
1222 3598 1258 3661 et

246 3735 288 3788 er
308 3735 381 3805 qua
402 3733 512 3786 causa
533 3713 765 3784 animadverti
788 3714 909 3801 reiiet;
939 3714 1007 3785 hoc
1033 3733 1131 3805 saepe
1165 3715 1256 3786 diia-

246 3847 320 3912 tum
362 3845 399 3909 ut
431 3839 627 3928 aliquando
660 3839 761 3909 fieret
779 3838 951 3909 instabat.
981 3838 1115 3910 Invitus
1147 3840 1256 3912 invito

278 4121 312 4184 nt
345 4120 409 4182 uxr,
425 4122 516 4173 reru.
