3062 4942
583 1263 972 1349 CONCLUSIO

318 1871 376 1945 Sic
409 1873 445 1984 in
473 1875 617 1965 dialogo
638 1876 878 1949 declamando
910 1877 949 1950 L.
990 1876 1150 1953 Annaeus
1197 1881 1284 1986 qnid

269 1998 417 2108 sentiret
431 1999 475 2072 de
491 2001 714 2074 institutione
731 2003 915 2094 principis,
946 2004 992 2075 ad
1020 2012 1189 2078 eventum
1225 2025 1284 2078 ac-

269 2123 518 2214 commodarit.

766 2352 789 2410 1

320 2613 424 2700 Quod
442 2615 586 2705 quidem
615 2614 662 2686 ad
677 2614 812 2704 dialogi
827 2614 1003 2686 rationem
1025 2615 1165 2704 attinet,
1195 2633 1284 2707 npe-

270 2759 319 2812 rae
351 2740 504 2833 pretinm
540 2738 619 2829 erit,
652 2757 734 2829 qnae
765 2745 970 2830 supersunt,
1003 2741 1163 2813 conterre
1201 2759 1282 2813 cnm

271 2865 405 2956 dialogi
444 2866 487 2936 dc
519 2865 574 2936 ira
607 2865 759 2951 ratione,
803 2869 911 2937 antea
947 2866 1155 2957 conscripti,
1178 2867 1283 2957 cnjns

269 2990 360 3063 liber
374 2991 525 3082 primns,
554 2989 585 3060 si
602 2987 776 3062 Senecam
807 2989 925 3081 ipsum
960 2990 1138 3081 sequaris,
1158 2989 1284 3080 benig-

270 3116 406 3212 niorem
424 3114 551 3186 habuit
568 3113 752 3186 materiam
772 3137 780 3185 :
816 3139 833 3177 «
851 3113 981 3186 Facilis
1016 3114 1110 3186 enim
1146 3115 1190 3186 in
1203 3134 1284 3207 pro-

270 3241 374 3312 clivia
396 3240 559 3336 vitiorum
594 3239 767 3311 decursus
799 3245 855 3311 est
880 3235 943 3334 (1).
968 3264 984 3304 r>
1015 3237 1129 3312 simili
1163 3246 1283 3312 antem

270 3365 379 3437 modo
417 3362 573 3450 Seneca,
604 3364 641 3434 in
693 3363 811 3455 priore
864 3363 907 3434 dc
957 3340 1137 3436 clementia
1177 3364 1281 3456 libro,

271 3490 495 3582 exspatiatur
513 3494 601 3561 etse
622 3487 739 3560 tundit
756 3489 877 3575 latins,
907 3494 942 3560 ct
969 3488 1074 3578 qnasi
1111 3515 1128 3553 «
1154 3509 1284 3561 mann-

272 3615 488 3686 missione»
521 3612 679 3703 quadam
709 3614 836 3703 jngnm
857 3612 991 3686 excutit
1010 3613 1096 3685 artis
1122 3613 1285 3686 dialecti-

272 3759 324 3812 cae
345 3746 454 3830 atqne
470 3739 630 3811 evehitur
655 3737 702 3809 ad
729 3739 792 3808 illa
826 3737 954 3810 altiora
983 3738 1079 3810 unde
1111 3739 1226 3810 facilis
1245 3739 1282 3810 in

270 3863 441 3957 proclivia
460 3862 679 3934 crudelitatis
695 3868 750 3934 est
764 3862 951 3934 decursus.

302 4145 338 4208 11)
358 4142 391 4195 lle
406 4144 460 4206 ira,
478 4141 510 4205 11,
529 4143 593 4204 1,1.
