3080 4948
757 655 952 740 „68-

396 821 470 892 Hoc
488 841 632 907 munus,
650 822 743 890 lranc
765 839 955 910 personam
990 821 1137 891 mandat
1157 822 1353 912 imperatori

348 944 498 1018 Seneca.

394 1069 485 1156 Quin
508 1071 623 1141 simile
653 1069 788 1159 aliquid
804 1075 839 1140 et
863 1069 1015 1140 Romani
1032 1087 1241 1160 concepere,
1264 1090 1350 1160 quo-

345 1195 442 1266 niam
460 1214 619 1266 romanae
639 1195 738 1284 pacis
760 1194 864 1282 qnasi
884 1193 1037 1264 indicem
1054 1200 1089 1265 et
1109 1195 1258 1284 liguram
1288 1196 1352 1265 im-

344 1320 560 1410 peratorium
580 1318 784 1408 reipublicae
799 1319 959 1406 regimen
978 1337 1059 1389 esse
1090 1319 1349 1390 intellexerunt.

344 1442 569 1534 Quapropter
593 1449 627 1514 et
645 1442 776 1514 Neroni
808 1439 959 1531 Seneca,
976 1448 1010 1513 ot
1035 1441 1222 1530 Romanis,
1244 1463 1353 1534 pupu-

344 1567 457 1638 lorum
487 1586 528 1638 ac
559 1568 718 1656 gentium
761 1566 966 1638 varietatem
998 1567 1095 1637 illam
1137 1567 1172 1637 in
1215 1567 1351 1656 dialogo

343 1698 513 1779 ostentat,
537 1691 668 1781 unibus
686 1691 730 1761 ab
750 1689 931 1781 Euphrate
953 1691 1129 1780 usquead
1149 1691 1349 1778 Britannos,

343 1817 388 1887 ab
405 1817 553 1907 Alpibus
575 1836 689 1906 usque
726 1815 771 1886 ad
791 1816 917 1887 Atricae
941 1816 1082 1887 deserta
1103 1817 1196 1900 loca,
1217 1823 1352 1888 constat

342 1941 481 2032 imperii
525 1961 665 2031 corpus.
703 1939 837 2012 Omnes
878 1942 972 2012 enim
1013 1942 1084 2012 illae
1106 1948 1233 2030 gentes
1255 1941 1351 2032 quasi

341 2066 448 2136 vitam
475 2084 517 2137 ac
559 2065 722 2156 spiritum
744 2065 881 2137 ducunt
910 2085 931 2136 a
972 2065 1078 2137 domo
1111 2067 1347 2156 imperatoria.

346 2215 363 2252 o
388 2187 538 2260 Animus
559 2189 766 2279 reipublicae
783 2195 818 2260 tu
835 2208 874 2260 es
902 2217 937 2278 »,
961 2190 1077 2276 malt,
1106 2217 1122 2252 l
1144 2190 1206 2260 illa
1228 2207 1350 2280 corpus

339 2319 439 2384 tuum
460 2341 476 2377 »
502 2309 563 2406 (l).
591 2340 608 2377 «
627 2301 749 2385 Totum
784 2333 913 2404 corpus
939 2315 1059 2384 animo
1083 2314 1238 2386 deservit
1254 2343 1270 2380 »
1291 2312 1347 2408 (l).

345 2465 361 2502 «
389 2439 529 2522 Manus,
553 2441 677 2529 pedes,
695 2439 788 2510 oculi
821 2439 1001 2528 negotium
1028 2439 1079 2508 illi
1106 2446 1249 2528 gerunt,
1272 2469 1288 2504 »
1312 2445 1343 2512 et

338 2564 447 2634 totius
464 2563 622 2654 corporis
642 2564 790 2634 interest
818 2563 977 2633 animum
999 2581 1135 2655 praesse
1151 2570 1260 2652 atque
1277 2565 1345 2635 im·
1388 2654 1392 2662 ι

338 2705 477 2777 pecare.
502 2685 559 2758 Sic
583 2687 661 2758 haec
683 2688 860 2757 immensa
887 2686 1076 2757 mullitudo
1098 2687 1205 2757 unius
1228 2688 1348 2778 spiritu

338 2812 485 2900 regitur,
519 2811 625 2882 nnius
661 2811 797 2882 ratione
838 2811 1002 2894 llectitur,
1033 2829 1200 2900 pressura
1239 2831 1279 2884 se
1312 2829 1349 2882 ac

337 2935 493 3006 lractura
515 2936 648 3007 viribus
679 2936 768 3020 suis,
786 2935 856 3005 nisi
873 2935 979 3005 unica
995 2940 1103 3024 atque
1132 2942 1349 3026 praepotente

337 3059 508 3152 principis
523 3059 746 3151 providentia
762 3065 1036 3131 sustentaretur.
1053 3057 1224 3150 Princeps
1241 3061 1347 3147 enim,

336 3185 458 3256 anima
487 3191 542 3258 est
580 3203 622 3257 ac
656 3202 757 3255 mens
793 3183 1001 3273 reipublicae
1038 3183 1198 3291 omnium
1240 3183 1348 3256 oculis

333 3539 396 3591 bros
411 3539 444 3590 de
457 3551 488 3590 ce
504 3536 589 3607 grand
604 3549 683 3602 corps
695 3540 736 3588 l...
755 3536 811 3597 Qua
827 3535 890 3586 [tien
907 3547 941 3586 ne
957 3534 1009 3586 soit
1025 3546 1077 3599 que
1095 3534 1171 3586 l'ame
1184 3539 1211 3587 el
1225 3536 1249 3588 la
1262 3536 1347 3588 raison

333 3619 369 3671 du
386 3618 486 3671 monde
503 3631 608 3670 cornme
625 3617 792 3669 l'entendent
808 3617 847 3667 les
863 3615 1004 3676 Sidicinus,
1019 3628 1054 3666 ou
1069 3615 1130 3680 qu'il
1148 3616 1199 3668 soll
1213 3619 1348 3679 superum

332 3713 437 3752 comme
454 3699 476 3750 le
493 3699 601 3750 veulonl
618 3699 657 3748 los
673 3697 799 3762 disciples
824 3696 858 3747 de
875 3697 975 3755 Platon,
991 3709 1041 3757 peu
1058 3695 1188 3759 imporle:
1207 3697 1296 3748 l'unite
1316 3696 1347 3746 de

333 3781 397 3832 [lieu
412 3781 473 3831 n'on
488 3783 529 3830 est
547 3792 594 3843 pas
615 3778 703 3830 moins
719 3789 866 3833 reeonnue‚
885 3783 911 3827 ot
934 3777 1020 3827 c'elait
1039 3788 1093 3827 une
1113 3777 1196 3828 verite
1215 3777 1261 3842 qui
1281 3776 1348 3828 avait

334 3860 470 3912 tellement
489 3859 569 3923 passe
584 3858 652 3909 daus
668 3859 691 3909 le
712 3857 837 3909 demaine
854 3869 980 3908 commun
995 3856 1075 3920 qu'on
1093 3857 1200 3920 pouvait
1224 3870 1345 3922 pronver,

332 3941 407 3991 selon
425 3939 576 4000 Quintilien,
589 3938 649 4003 qu'il
671 3938 751 3989 lallait
765 3949 818 3988 uno
833 3936 908 3988 seule
925 3937 978 3986 tete
994 3935 1140 4000 al'empire
1156 3949 1203 4000 par
1216 3937 1275 3989 cola
1292 3934 1346 3988 seul

331 4020 392 4085 qu'il
408 4034 423 4084 y
441 4033 455 4070 a
472 4031 525 4071 une
542 4019 706 4085 providence
723 4017 924 4071 universale.»

363 4118 397 4182 (l)
416 4116 450 4168 lle
461 4117 546 4180 clem,
559 4119 577 4170 l.
593 4118 618 4168 5.
632 4119 653 4168 l.

364 4206 396 4270 (l)
414 4203 495 4268 ibid,
511 4206 530 4268 l,
545 4205 570 4258 3.
585 4207 611 4257 5.
