3080 4948
629 605 674 677 -’
703 607 746 696 rr
774 663 823 690 -,

266 771 592 865 Verumenimrero,
616 780 857 866 praeterquam
879 776 974 866 quod
992 781 1120 852 erravit
1138 775 1231 852 blar-

221 902 357 973 tensius
376 901 420 974 de
437 920 532 973 anno
548 919 620 990 quo
654 904 762 972 natus
783 905 838 972 est
854 899 946 973 Nero
983 900 1116 992 Caesar,
1156 906 1229 995 iam

219 1032 326 1098 antea
341 1026 533 1118 scripserat
545 1025 657 1098 Jonas
674 1031 797 1097 contra
812 1025 908 1097 hunc
937 1025 1149 1101 Lehmannii
1180 1032 1233 1102 lo-

218 1167 320 1222 cum:
360 1177 376 1215 «
401 1151 452 1223 Er
469 1171 511 1223 eo
532 1150 695 1241 exemplo
725 1149 813 1221 disci
833 1157 965 1242 potest,
992 1171 1100 1242 quam
1135 1157 1234 1246 parvi

217 1279 388 1350 momenti
408 1279 487 1368 ejus
507 1277 651 1368 generis
688 1276 900 1348 ratiuncula
929 1277 1108 1352 habendae
1138 1281 1230 1353 sint!

217 1400 352 1474 Erravit
392 1404 488 1476 enim
527 1401 774 1475 Lehmannius
807 1400 851 1474 de
882 1400 1079 1476 Britannici
1110 1408 1233 1479 mortis

217 1532 390 1617 tempore.
422 1555 439 1592 »

266 1651 364 1724 Mitto
403 1653 588 1744 paulisper
621 1651 835 1724 Lehmannii
860 1653 1065 1744 opinionem
1088 1652 1233 1728 Senecae

217 1775 332 1847 indoli
353 1776 519 1849 laventis.
542 1777 617 1849 Hoo
638 1783 778 1848 tantum
803 1777 1073 1850 consideremus
1112 1799 1234 1852 ennon

218 1902 327 1977 liceat
345 1903 433 1976 illud
451 1921 555 1994 paene
575 1903 684 1974 totius
704 1902 790 1972 anni
807 1902 853 1973 56
870 1903 1025 1993 spatium
1044 1904 1081 1974 ln
1102 1922 1235 1993 angus-

218 2032 289 2102 tius
329 2029 520 2102 deducere.
563 2027 687 2118 Neque
729 2026 823 2098 enim
870 2046 934 2118 per
974 2028 1090 2119 ipsam
1134 2030 1233 2100 illam

220 2155 331 2227 Taciti
353 2154 396 2226 de
428 2154 489 2226 illo
510 2143 606 2224 anno
626 2151 673 2224 56
697 2151 940 2225 narrationem
968 2152 1126 2225 obstabit
1146 2155 1232 2244 quin

220 2279 432 2352 deducatur.

265 2402 307 2488 Q.
326 2404 421 2476 enim
436 2401 595 2490 Volusio,
614 2399 654 2473 P.
669 2399 834 2491 Scipione
845 2402 1067 2488 consulibus,
1087 2429 1103 2466 «
1120 2403 1230 2475 otium

221 2527 322 2616 loris,
351 2527 448 2600 loeda
467 2527 563 2598 domi
580 2526 739 2614 lascivia,
762 2525 945 2615 quaNero
979 2527 1108 2598 itinera
1127 2528 1232 2600 Urbis

217 2659 251 2725 et
265 2652 456 2742 lupanaria
476 2656 510 2723 et
525 2650 733 2722 diverticula
749 2656 846 2721 reste
867 2649 984 2720 servili
999 2650 1036 2721 in
1061 2650 1232 2722 dissimu-

216 2777 387 2848 lationem
427 2775 727 2865 suioompositus
766 2774 988 2865 pererrabat,
1033 2776 1234 2848 comitanti-

217 2900 286 2972 bus
307 2900 368 2991 qui
399 2907 566 2992 raperent
586 2898 632 2970 ad
652 2898 894 2971 venditionem
915 2900 1093 2989 exposita,
1112 2906 1147 2972 et
1168 2902 1234 2972 ob-

217 3025 283 3096 viis
304 3025 453 3096 vulnera
479 3024 675 3095 inferrent:
707 3022 879 3096 adversus
910 3023 1057 3112 ignaros
1077 3025 1167 3097 adeo
1198 3033 1236 3097 ut

220 3151 298 3241 ipse
320 3166 464 3256 quoque
485 3149 664 3239 exciperet
692 3148 784 3220 ictus
802 3153 836 3220 et
852 3166 911 3219 ore
931 3149 1113 3239 praeterret
1132 3147 1195 3246 (l).
1215 3179 1231 3214 »

223 3273 299 3346 Hoc
333 3272 479 3364 quidem
518 3273 620 3345 initio
660 3273 768 3360 anni;
799 3272 863 3344 sed
901 3292 982 3344 mor
1013 3300 1030 3336 «
1057 3273 1236 3346 caesarem

219 3418 301 3471 esse
321 3398 383 3488 qui
404 3404 636 3488 grassaretur
654 3398 835 3488 pernotuit
863 3422 893 3468 r.
921 3397 1007 3468 Inde
1038 3426 1054 3461 «
1074 3399 1233 3488 quidam,

219 3522 398 3615 permissa
433 3523 544 3594 semel
580 3522 724 3593 licentia
769 3521 837 3592 sub
875 3522 1022 3593 nomine
1070 3522 1238 3608 Neronis,

220 3648 324 3721 inulti
355 3649 509 3741 propriis
542 3666 622 3719 cum
643 3647 760 3737 globis
793 3647 920 3719 eadem
944 3647 1175 3735 exercebant,
1207 3654 1242 3720 et

223 3774 259 3844 in
284 3772 431 3844 modum
457 3772 672 3863 captivitatis
692 3790 763 3843 nor
790 3771 979 3862 agebatur,
1007 3799 1024 3836 o
1051 3772 1167 3845 idest
1196 3774 1243 3843 ad

228 3898 343 3970 instar
358 3903 473 3988 captae
492 3893 602 3968 urbis.
656 3893 658 3898 ’
872 3907 875 3914 ’

260 4185 291 4249 lt)
309 4183 372 4236 Tac.
389 4183 467 4247 Aram,
484 4182 551 4246 lllll,
570 4181 609 4233 25.
