3080 4948
724 611 918 686 -33..

313 769 362 842 Μ.
398 768 556 840 Tullius:
597 794 614 829 «ι
642 765 719 838 Hoc
750 773 881 837 natura
912 767 1113 858 praescribit
1140 776 1189 840 ut-
1216 770 1327 864 burno¹

310 894 462 979 bomini,
492 894 710 983 quicumque
729 891 789 978 sit,
819 891 865 963 ob
894 910 974 963 eam
999 911 1147 965 causam
1178 896 1274 992 quod
1293 895 1324 968 is

313 1021 423 1092 bomo
442 1018 717 1105 sit‚cousultum
737 1017 822 1088 uelit
841 1013 903 1112 (l).
929 1043 943 1080 ι
965 1015 1036 1088 Sed
1055 1019 1163 1114 etiam
1184 1019 1229 1092 de
1251 1003 1327 1092 cle-v

313 1145 449 1216 ruentia
463 1142 647 1228 disseruit,
665 1141 775 1212 immo
789 1142 885 1213 idem
905 1144 1023 1214 ualere
1042 1162 1181 1215 eamac
1195 1145 1327 1235 placa-⁸

311 1269 487 1340 bilitatem
516 1273 655 1353 censet,
685 1266 782 1356 quod
803 1266 948 1355 quidem
968 1267 1013 1338 ad
1028 1263 1207 1358 sproprias
1230 1269 1325 1359 inju-

313 1394 386 1464 rias
425 1393 564 1476 attinet,
605 1409 724 1480 neque
758 1390 955 1480 quidquam
993 1392 1226 1479 laudabilius,
1265 1400 1325 1466 aut

313 1536 446 1608 magua
466 1524 501 1589 et
516 1516 690 1607 praeclaro
705 1517 778 1586 viru
805 1515 951 1604 dignius
967 1535 1049 1588 esse
1078 1519 1220 1589 asserit.
1238 1491 1324 1590 lude

313 1643 571 1725 morositatem,
597 1647 637 1711 ut
652 1640 812 1711 inutilem
839 1647 876 1711 et
899 1640 1077 1729 odiosam,
1101 1661 1221 1714 arcere
1246 1643 1322 1714 ins-

311 1769 420 1856 tituit,
450 1773 559 1856 alque
591 1766 643 1835 ita
674 1765 991 1838 mansueludinem
1020 1785 1063 1838 ac
1095 1767 1320 1839 clementiam

311 1899 434 1965 monet
453 1910 535 1963 esse
562 1889 772 1981 probandas
788 1897 827 1961 ut
842 1890 1057 1962 adbibeatur
1082 1893 1189 1963 etiam
1221 1912 1322 1965 seue-

313 2021 399 2089 ritas
427 2016 634 2107 reipublicae
662 2033 787 2108 causa.
817 2015 1038 2106 Reipublicae
1063 2019 1158 2088 euim
1188 2019 1324 2114 utilita-

313 2149 397 2230 tem,
416 2142 556 2232 quoties
568 2141 648 2231 quis
661 2139 997 2230 intermagistralus
1011 2161 1142 2212 noxam
1159 2144 1322 2239 castiget,

313 2269 415 2340 decet
445 2271 529 2338 aute
557 2266 681 2336 oculos
701 2264 855 2356 babere.
892 2263 963 2336 Sed
990 2257 1060 2336 hoc
1089 2265 1264 2357 imprimis
1279 2269 1325 2339 ad

311 2389 485 2465 Senecam
503 2395 641 2481 spectat
662 2389 758 2479 quod
773 2390 862 2459 iram
880 2390 1034 2461 maxime
1053 2391 1100 2462 M.
1125 2391 1261 2463 Tullius
1287 2385 1325 2493 in

310 2515 496 2610 puniendo
520 2514 699 2606 probibet.
733 2512 974 2598 Quamobrem
1005 2515 1113 2587 rerba
1135 2517 1215 2606 ipsa
1230 2515 1325 2617 Cico-

311 2642 410 2714 rouis
434 2639 617 2732 usurp'abo
643 2639 897 2730 peripateticos
929 2641 1125 2712 relellentis
1155 2642 1216 2730 qui
1250 2643 1325 2712 lau-

312 2767 449 2838 dabant
463 2765 686 2836 iracundiam
707 2770 743 2835 et
772 2763 985 2836 dictitabant
1002 2765 1134 2836 utiliter
1153 2765 1271 2837 datam
1303 2785 1324 2836 a

310 2898 441 2964 natura
460 2887 531 2984 (dp
560 2915 577 2952 «
604 2889 780 2976 lllavero,
805 2890 936 2978 inquit,
966 2889 1135 2961 omuibus
1152 2891 1188 2961 in
1217 2890 1324 2992 rebus

309 3016 535 3108 repudianda
556 3021 625 3102 est,
656 3014 928 3104 optandumque
961 3021 999 3085 ut
1017 3015 1056 3101 il,
1080 3016 1140 3104 qui
1162 3021 1323 3106 praesuut

310 3141 529 3232 reipublioae,
553 3139 666 3228 lupum
683 3139 810 3208 similes
830 3140 899 3210 siat
917 3158 998 3228 quae
1026 3140 1073 3210 ad
1101 3142 1321 3230 puniendum

309 3284 382 3338 non
414 3263 614 3352 iracundia,
640 3263 704 3335 sed
721 3264 892 3353 aequitate
911 3265 1101 3336 ducuntur.
1131 3293 1148 3328 »

357 3397 546 3490 Equidem,
580 3399 610 3468 si
631 3397 674 3469 de
708 3397 899 3468 clementia
920 3398 1148 3486 peculiariter
1163 3399 1325 3489 scripsis-

306 3532 361 3597 set
390 3523 434 3594 M.
470 3522 622 3609 Tullius,
653 3539 724 3592 non
759 3522 864 3610 louge
897 3521 942 3592 ab
971 3523 1043 3610 bis,
1077 3541 1157 3612 quae
1182 3523 1256 3612 J'aru
1286 3517 1323 3594 id

306 3651 443 3720 Seneca
463 3647 625 3735 aderam,
653 3647 896 3717 discessurum
926 3647 1037 3717 luisse
1065 3648 1206 3738 opinor,
1233 3648 1323 3719 adeo

337 3917 372 3980 (n
390 3915 639 3979 caesarianus.
656 3941 686 3953 -
703 3913 744 3964 or.
762 3913 862 3976 uena,
889 3915 907 3976 ι,
931 3916 956 3966 a.
973 3943 1003 3953 -
1028 3915 1073 3978 ru,
1099 3891 1139 3966 s'r.
1153 3915 1191 3966 a:
1210 3936 1220 3962 ι
1239 3915 1323 3976 quam

306 3997 414 4061 iniquus
428 3999 479 4054 est.
497 3995 568 4060 apud
582 4008 674 4060 quem,
692 3993 830 4046 bominem
847 4007 919 4057 esse,
938 3995 973 4047 ad
997 3995 1195 4060 impetrandam
1215 3997 1321 4049 veniam

306 4082 397 4129 uocet.
417 4067 434 4122 ἰι
445 4103 475 4114 -
488 4077 545 4129 Etc.

339 4158 372 4220 (ἒ)
389 4157 427 4207 dt.
443 4156 522 4207 etiam
537 4157 600 4208 Seu.
615 4155 647 4206 dc
664 4156 708 4206 iro
722 4155 744 4220 l,
756 4156 773 4205 9
787 4169 831 4219 sq.
849 4155 955 4219 (Haase)
