3080 4948
698 577 892 652 ..pp-

290 731 559 824 impcratorium
591 732 766 807 ostentari
797 733 1009 825 identidem,
1034 735 1072 808 id
1100 731 1156 809 est
1186 736 1231 810 de
1262 730 1301 810 ro'

290 857 435 928 militari
453 875 534 929 esse
560 855 797 930 laborandum
816 859 883 949 (t),
901 861 1077 952 suspicor.

230 1066 232 1071 ,
340 979 479 1066 Quibus
498 982 543 1055 de
563 983 697 1072 causis,
720 1002 794 1055 uon
827 985 906 1058 sine
936 992 1099 1077 respectu
1131 987 1178 1060 od
1199 991 1302 1080 spem

290 1108 390 1180 illam
411 1107 534 1180 saeculi
555 1107 680 1198 felicis,
711 1110 918 1200 ceteroquin
946 1105 1195 1202 quinquennio
1228 1099 1302 1186 toto

293 1231 423 1305 deinde
448 1233 648 1324 impletam,
666 1234 854 1325 scripsisse
889 1234 934 1307 de
967 1236 1157 1310 clementia
1190 1223 1303 1311 sene

293 1377 372 1431 cam
390 1358 574 1448 coniicias,
592 1365 627 1431 et
640 1358 770 1432 Neroni
786 1359 897 1432 libros
918 1359 1104 1434 dicarisso.

345 2072 415 2147 Sed
443 2092 540 2145 nuuc
569 2073 667 2146 aliud
705 2075 812 2148 etiam
833 2076 1013 2167 conjicere
1040 2077 1172 2166 ausim,
1210 2074 1306 2167 quod

294 2199 475 2296 pollicitos
492 2217 585 2270 sum.

344 2326 479 2416 Nempe
491 2359 496 2367 ·*
510 2325 540 2398 si
568 2325 605 2400 iu
633 2323 706 2397 fine
736 2325 822 2398 anui
851 2326 898 2397 55
927 2326 1057 2415 editos,
1092 2332 1155 2398 aut
1187 2325 1307 2420 potius

296 2450 420 2541 primis
454 2450 540 2521 anni
569 2449 615 2521 56
650 2449 849 2538 mensibus
880 2470 926 2524 uc
960 2450 1077 2522 dicam
1106 2451 1307 2524 hebdoma-

297 2575 418 2665 dibus,
449 2580 592 2646 uostros
623 2573 667 2647 dc
707 2575 899 2647 clementia
932 2575 1042 2648 libros
1072 2576 1152 2666 iure
1186 2594 1310 2648 reusc-

298 2719 392 2790 mUS,
425 2706 590 2791 superest
614 2705 654 2771 ut
688 2719 732 2772 ea
766 2699 920 2772 breviter
947 2718 1198 2791 percurramus
1226 2719 1307 2791 quoe

298 2825 395 2897 domi
410 2831 495 2896 tuuc
506 2831 609 2913 gesta
625 2824 816 2916 scriptores
831 2824 1016 2896 annalium
1033 2825 1190 2897 tradunt.
1200 2823 1308 2916 Atqui

298 2952 336 3024 in
355 2951 531 3022 hocanno
544 2950 604 3036 55,
624 2949 719 3039 quod
737 2949 882 3040 quidem
899 2950 1018 3041 specie
1030 2951 1185 3023 maxime
1203 2969 1311 3022 ocus·

298 3077 442 3169 piouum
461 3082 528 3164 est,
545 3075 789 3148 Britannicum
809 3077 1061 3167 interemptum
1087 3075 1311 3148 animadver-

302 3209 377 3274 tas:
398 3200 605 3290 diligentius
622 3207 742 3274 autom
768 3201 1003 3292 perspiciens,
1020 3220 1258 3292 permaguum
1273 3199 1310 3272 id

300 3326 484 3398 existimes
526 3325 645 3416 parari
675 3325 775 3416 ¹iam
830 3323 1050 3417 Agrippinae,
1104 3325 1142 3396 in
1189 3326 1309 3397 animo

300 3449 465 3537 CaesariS,
484 3449 566 3541 plus
586 3469 695 3540 quam
726 3451 915 3540 offensam,
939 3469 1062 3522 necem
1086 3450 1236 3523 scilicet.

349 3571 544 3646 Britannici
563 3574 659 3646 euim
673 3581 785 3647 morte
804 3573 1009 3668 Agrippinae
1029 3557 1136 3648 minis
1155 3551 1312 3666 primum

332 3881 368 3946 (i)
388 3900 399 3926 ι
418 3881 535 3933 uector
556 3880 638 3932 miliia
663 3879 821 3945 gladiorum,
841 3893 901 3945 quae
930 3893 981 3946 pax
1001 3893 1062 3932 mea
1091 3881 1252 3946 comprimit,
1277 3879 1311 3932 ed

300 3966 393 4014 nutum
402 3974 491 4014 meum
507 3960 684 4027 stringentem
693 3974 759 4026 quas
771 3961 894 4013 nationes
906 3961 1024 4014 funditus
1040 3961 1135 4024 excidi,
1145 3973 1212 4026 quas
1226 3965 1311 4013 truns-

301 4041 400 4109 portari
419 4044 485 4095 etc..
506 4060 516 4089 r
541 4041 585 4106 (Ite
609 4041 695 4106 oleru,
709 4043 729 4103 i,
742 4044 762 4092 1.
780 4042 846 4106 2)-
864 4041 902 4093 df.
918 4042 979 4094 Tac.
995 4043 1065 4094 Auru.
1081 4041 1148 4106 xiii,
1163 4044 1179 4094 i
1194 4041 1222 4093 iu
1243 4041 1310 4093 iiue:

302 4143 314 4168 «
333 4124 366 4175 Se
382 4123 516 4175 mandatis
531 4122 692 4175 exercitibus
707 4121 901 4175 consulturum.
918 4143 930 4167 »
