3062 4942
714 623 931 696 -136-

311 774 452 864 magnis
472 775 635 847 cladibus
672 775 919 866 ostenderunt,
954 778 1080 867 quanti
1112 787 1324 853 constarent

310 921 433 990 regum
464 901 590 972 amicis
617 900 715 972 bona
743 900 895 972 consilia
914 898 1012 996 (1).»

358 1025 671 1098 verumenimvero
691 1043 812 1097 nonne
833 1026 952 1117 specie
983 1026 1210 1120 decipimur?
1228 1029 1320 1102 Num

308 1169 454 1242 operam
471 1150 618 1222 omnino
634 1155 743 1240 atque
757 1150 877 1222 oleum
893 1151 1048 1242 perdidit
1057 1153 1323 1246 philosophus?

356 1274 474 1347 Primo
508 1275 585 1346 loco
605 1293 678 1345 non
699 1274 814 1346 solum
853 1274 985 1364 dicam,
1018 1285 1058 1350 ut
1089 1277 1250 1368 Diderot,
1279 1281 1322 1354 de

308 1398 454 1472 Senecae
492 1398 675 1488 dialogo«
701 1399 800 1471 baud
832 1400 1080 1474 vehementius
1114 1404 1228 1475 ullum
1262 1412 1323 1477 eut

306 1524 471 1596 callidius
494 1524 655 1615 potuisse
671 1524 794 1613 juveni
805 1524 955 1616 principi
968 1525 1094 1615 dicari,
1108 1545 1215 1618 quem
1238 1547 1317 1619 pro-

306 1667 392 1720 num
410 1649 458 1720 ad
487 1648 734 1720 crudelitatem
764 1631 1013 1741 feritatemque
1033 1670 1180 1741 vergere
1213 1673 1322 1746 appa—

305 1774 407 1846 rebat
434 1801 471 1863 e,
492 1773 600 1845 etiam
636 1773 759 1845 addito
792 1774 860 1845 boe
880 1775 1054 1847 audacius
1080 1776 1320 1868 subtiliusque

305 1917 413 1988 quam
447 1899 590 1971 verius:
617 1924 632 1961 u
657 1896 694 1969 Si
724 1898 805 1988 quis
821 1898 929 1988 igitur
960 1907 1102 1972 asserat
1132 1921 1318 1993 nunquam

304 2022 475 2095 incidisse
502 2022 654 2095 Neronis
684 2023 806 2094 oculos
840 2023 876 2093 in
899 2024 1017 2114 operis
1052 2024 1147 2097 illius
1175 2033 1318 2116 tegmen

304 2148 391 2238 quin
411 2149 508 2219 intus
530 2155 565 2220 et
587 2147 654 2220 snb
674 2154 753 2220 cute
774 2156 1056 2221 commoveretur
1083 2152 1319 2223 conscientia-

302 2293 372 2364 que
400 2279 634 2366 premeretur,
663 2273 813 2345 forsitan
847 2273 1007 2347 adducar
1039 2282 1078 2347 ut
1107 2276 1268 2350 credam.
1289 2305 1306 2341 u

304 2388 375 2463 Sed
416 2390 521 2462 etiam
592 2390 629 2462 in
680 2390 887 2462 memoriam
940 2392 1113 2464 revocabo
1167 2393 1311 2466 beatum

333 2697 525 2762 fflfflst&

331 2787 474 2839 lleeentins
490 2788 578 2837 autem
606 2785 703 2850 proluit
713 2785 858 2838 nonnullis.
873 2785 991 2852 inclytus
1007 2788 1079 2840 euim
1092 2789 1185 2842 iustus
1198 2790 1314 2856 Lipsius,

301 2864 634 2921 Lovaniensisacademiae
649 2866 796 2930 professor,
812 2865 883 2917 idem
898 2867 941 2918 ille
964 2867 1009 2933 qni
1034 2869 1062 2920 L.
1084 2869 1178 2922 dnnaei
1205 2871 1315 2923 Senecae

301 2961 384 3013 opera
398 2946 481 2998 edidit
495 2945 666 3010 (1605),mire
683 2945 788 2998 solebat
802 2959 817 2997 e
832 2945 937 3013 fastigio
950 2961 999 3000 suo
1015 2951 1042 3000 et
1056 2949 1146 3014 amplo
1161 2953 1231 3002 statu
1243 2950 1316 3002 innu-

302 3027 384 3080 meris
397 3026 511 3080 civilium
534 3025 670 3077 turbarum
695 3025 809 3078 miseriis
828 3027 967 3080 utilitatem
990 3029 1113 3094 praebere
1129 3043 1162 3082 ue
1183 3031 1314 3084 solatium.

302 3107 380 3173 Atqui
390 3107 479 3160 evenit
491 3109 520 3158 nt
535 3106 643 3159 Alberto
656 3106 840 3172 lsubellueque,
858 3108 998 3160 brabantio
1013 3122 1100 3174 nuper
1120 3111 1266 3176 praelectis,
1282 3104 1313 3164 ex'

301 3187 446 3253 improviso
461 3187 598 3239 colliberel
612 3200 673 3238 enm
696 3187 789 3238 audire
812 3187 956 3240 dicentem.
986 3189 1068 3254 lgitur
1089 3190 1227 3255 inopinate
1255 3205 1314 3257 pro-

303 3268 446 3320 deunlibus
460 3267 563 3333 Lipsius
579 3267 732 3319 assurrexit.
746 3267 823 3333 Atqui
838 3268 975 3333 discipulis
989 3269 1021 3322 dc
1034 3270 1168 3322 clementio
1182 3270 1315 3338 dialogum

301 3352 353 3402 lroe
365 3351 423 3415 ipso
439 3349 482 3402 die
497 3349 697 3413 interpretando
721 3349 889 3414 explanabat.
916 3350 992 3413 bein,
1019 3349 1219 3404 intermissione
1248 3353 1316 3403 iacta

301 3432 447 3497 paulisper,
466 3430 631 3496 mirificeque
656 3430 782 3496 praesenti
816 3431 905 3482 animo
929 3445 995 3483 usus
1024 3435 1050 3484 et
1083 3432 1206 3494 consilio,
1240 3447 1316 3498 para·

230 3572 235 3583 ,
302 3513 431 3564 tissimam
458 3510 568 3576 arripuit
603 3511 775 3564 occasionem
806 3513 980 3564 convertendi
1008 3513 1134 3578 principis
1172 3514 1316 3578 uxorisque

301 3594 393 3646 oculos
407 3592 434 3644 in
450 3605 574 3644 carceres
584 3592 775 3654 Lovenienses,
791 3595 818 3644 et
831 3593 947 3645 virorum
958 3594 1058 3646 luctum
1075 3594 1110 3647 ob
1123 3593 1208 3646 civilia
1230 3594 1316 3646 crimi-

300 3688 335 3726 na
347 3673 460 3727 uinculis
476 3675 686 3725 asservatorum.
705 3672 787 3736 Igitur
801 3673 912 3725 recitato
929 3674 988 3726 loeo
1000 3674 1044 3725 ubi
1065 3674 1161 3728 virtute
1184 3673 1236 3737 ille,
1264 3687 1316 3739 qna

299 3755 396 3807 delicta
417 3753 600 3814 absolvuntur,
616 3752 650 3804 ad
672 3751 740 3804 deos
757 3753 834 3805 evehi
848 3753 997 3819 prinoipem
1021 3755 1125 3806 Seneca
1140 3753 1221 3806 docet
1237 3754 1314 3818 (vide,

298 3835 440 3900 utopinor,
456 3835 476 3898 l,
491 3835 516 3895 5,
533 3835 557 3896 6,
573 3835 637 3898 sq),
655 3846 688 3884 ex
700 3835 822 3898 tempore
835 3833 908 3898 dixit,
924 3838 1004 3900 alque
1019 3835 1088 3887 adeo
1105 3835 1177 3901 gravi
1193 3836 1315 3888 oratione

298 3915 435 3968 illustravit
449 3917 577 3979 quantum
592 3912 688 3965 deceat
702 3927 827 3979 magnam
852 3914 985 3967 fortunam
1006 3925 1121 3982 magnus
1148 3915 1262 3978 animus,
1288 3920 1316 3968 et

298 3999 398 4050 tantam
414 3994 558 4047 commovit
572 3993 743 4046 audientibus
756 3994 967 4048 misericordiam
991 4000 1020 4048 ul
1034 3999 1144 4062 postero
1167 3996 1210 4049 dio
1225 3997 1313 4049 statim

296 4077 419 4128 ulbertus
434 4077 570 4127 trecentos
584 4073 759 4126 brabantinos
771 4075 899 4138 captivos,
916 4076 1236 4128 recentiumseditionum
1254 4090 1314 4142 per-

298 4157 401 4221 dentes,
418 4154 547 4206 eximeret
562 4167 576 4206 e
592 4154 715 4206 vinculis,
