3080 4948
715 573 909 678 -ro-¹

351 721 537 796 Perierunt
560 729 680 796 autem
707 723 758 796 tle
788 725 903 796 tribus
937 725 1100 816 partibus
1127 725 1199 796 diro
1234 745 1312 817 pro-

300 847 513 942 pemodum:
546 867 629 918 nam
652 857 734 919 uum
768 849 856 920 liber
876 849 971 938 prior
986 849 1124 939 integer
1143 851 1311 942 supersit,

302 973 420 1044 subito
451 978 485 1043 et
519 971 668 1062 abrupte
703 972 811 1042 linem
836 973 933 1063 capit
952 973 1054 1060 alter,
1076 974 1188 1044 multo
1212 974 1314 1064 plura

302 1096 480 1190 pollicitus
512 1105 620 1186 urrant
657 1101 815 1186 praestat.

351 1727 482 1802 Prioris
501 1728 609 1820 igitur
632 1727 711 1801 libri
741 1729 927 1800 materiam
960 1729 1009 1800 ita
1039 1728 1216 1820 explicare
1244 1733 1311 1800 est.

302 1853 434 1926 Neroni
468 1853 602 1928 Caesari
644 1853 871 1925 clementiam
908 1853 1084 1943 imprimis
1114 1853 1314 1942 gratulatus

303 1979 462 2051 minister
482 1997 523 2050 ac
556 1984 766 2070 preceptor,
793 1978 866 2067 iam
897 1984 931 2048 et
953 1978 1088 2048 extollit
1120 1979 1313 2066 imperato-

304 2102 392 2174 rium
410 2101 497 2174 illud
519 2121 649 2174 ruunus
679 2122 764 2192 qaro,
787 2103 890 2192 quasi
912 2101 1067 2188 uinculo,
1089 2120 1146 2172 res
1170 2101 1315 2192 publica

303 2228 479 2314 curarem
511 2233 729 2318 quapropter
758 2227 895 2297 nullum
930 2247 971 2299 ex
995 2226 1164 2297 omnibus
1199 2226 1315 2315 magis

302 2370 409 2443 quam
444 2371 563 2440 regem
604 2357 665 2422 aut
703 2352 897 2442 principem
933 2350 1159 2423 clementiam
1188 2349 1315 2422 decere

302 2476 405 2548 docet
435 2472 557 2570 (l-lll):
594 2476 744 2567 principi
778 2477 872 2547 enim
901 2477 1049 2566 contigit
1079 2475 1174 2547 idem
1207 2495 1315 2566 posse

302 2601 398 2690 quod
419 2601 502 2686 dits,
539 2608 647 2691 atque
668 2602 746 2673 haec
780 2607 835 2672 est
866 2620 1017 2673 summae
1056 2600 1315 2690 magnitudinis

303 2726 454 2798 servitus
476 2725 622 2798 deorum
638 2726 706 2797 sibi
727 2726 885 2796 animum
907 2725 1088 2813 adserere,
1104 2725 1315 2798 mortalibus

303 2850 439 2923 scilicet
468 2850 672 2922 condonare
693 2851 800 2922 vitam
832 2857 893 2921 aut
927 2869 1069 2922 serrare
1090 2847 1143 2944 (ll,
1160 2850 1218 2937 Vl,
1239 2849 1314 2938 Vll,

301 2971 403 3069 lllll).
440 2973 505 3046 Hic
538 2975 636 3046 illam
670 2975 828 3065 reperias
864 2973 908 3046 de
942 2975 1093 3063 Augusti
1125 2975 1317 3047 clementia

302 3099 543 3172 narrationem
561 3119 582 3170 a
597 3098 760 3172 Cornelio
779 3105 903 3172 nostro
925 3117 1042 3170 scenae
1059 3100 1313 3171 commissam:

301 3243 408 3315 oriam
439 3224 582 3314 quidem
618 3225 787 3314 praeconii
827 3224 942 3312 gralia
981 3223 1318 3296 edisseritSeneua

301 3349 446 3437 Neroni,
472 3368 516 3421 ne
533 3349 613 3439 quis
631 3346 781 3438 Augusti
809 3349 1036 3421 clementiam
1072 3349 1123 3420 illi
1153 3349 1319 3421 neronia-

303 3493 359 3546 nae
389 3475 548 3547 conterre
587 3474 830 3563 aggrediatur,
860 3481 921 3546 uui
956 3475 1075 3565 potius
1118 3474 1317 3546 domestico

302 3600 465 3690 exemplo
490 3599 685 3689 prinoipem
716 3598 789 3670 ruli
823 3598 1047 3670 adraonitnm
1068 3599 1214 3688 regibus
1244 3617 1318 3670 cer·

302 3725 428 3797 liorem
449 3724 525 3795 fieri
549 3743 592 3796 ex
621 3723 897 3795 mansuetudine
927 3725 1153 3796 securitatem
1179 3725 1255 3817 (ill,
1271 3724 1314 3808 ll,

301 3846 376 3945 xl).
404 3849 495 3938 Ergo
513 3850 710 3938 accingitur
729 3848 775 3920 ad
800 3849 965 3920 eximiam
984 3849 1178 3939 quamdam
1201 3848 1319 3922 acerbi

304 3993 346 4045 ac
362 3973 586 4063 sanguinarii
601 3975 742 4065 tyranni
762 3973 1028 4064 depingendam
1057 3974 1267 4063 imaginem.

356 4098 569 4170 Nectamen
606 4099 705 4170 ocius
739 4098 786 4169 ad
822 4098 931 4169 finem
966 4099 1066 4170 illum
1101 4099 1205 4188 primi
1238 4099 1317 4168 libri
