<?xml version="1.0" encoding="UTF-8"?>
<!DOCTYPE html PUBLIC "-//W3C//DTD XHTML 1.0 Transitional//EN"
    "http://www.w3.org/TR/xhtml1/DTD/xhtml1-transitional.dtd">
<html xmlns="http://www.w3.org/1999/xhtml" xml:lang="en" lang="en">
 <head>
  <title>
</title>
<meta http-equiv="Content-Type" content="text/html;charset=utf-8" />
  <meta name='ocr-system' content='tesseract 3.04.00' />
  <meta name='ocr-capabilities' content='ocr_page ocr_carea ocr_par ocr_line ocrx_word'/>
</head>
<body>
  <div class='ocr_page' id='page_1' title='image "./quiddeclementia00dorigoog_0116.png"; bbox 0 0 3062 4942; ppageno 0'>
   <div class='ocr_carea' id='block_1_1' title="bbox 585 629 803 704">
    <p class='ocr_par' dir='ltr' id='par_1_1' title="bbox 585 629 803 704">
     <span class='ocr_line' id='line_1_1' title="bbox 585 629 803 704; baseline -0.009 0"><span class='ocrx_word' id='word_1_1' title='bbox 585 629 803 704; x_wconf 83' lang='lat' dir='ltr'>-tot-</span> 
     </span>
    </p>
   </div>
   <div class='ocr_carea' id='block_1_2' title="bbox 198 782 1219 3493">
    <p class='ocr_par' dir='ltr' id='par_1_2' title="bbox 198 782 1219 3249">
     <span class='ocr_line' id='line_1_2' title="bbox 209 782 1219 877; baseline -0.002 -17"><span class='ocrx_word' id='word_1_2' title='bbox 209 786 418 860; x_wconf 79' lang='lat' dir='ltr'>societatem</span> <span class='ocrx_word' id='word_1_3' title='bbox 433 783 508 856; x_wconf 85' lang='lat' dir='ltr'>flori</span> <span class='ocrx_word' id='word_1_4' title='bbox 529 801 638 875; x_wconf 91' lang='lat' dir='ltr'>posse</span> <span class='ocrx_word' id='word_1_5' title='bbox 652 782 894 872; x_wconf 83' lang='lat' dir='ltr'>existimabat,</span> <span class='ocrx_word' id='word_1_6' title='bbox 912 786 956 855; x_wconf 91' lang='lat' dir='ltr'>ad</span> <span class='ocrx_word' id='word_1_7' title='bbox 972 783 1219 877; x_wconf 85' lang='lat' dir='ltr'>torisimperii</span> 
     </span>
     <span class='ocr_line' id='line_1_3' title="bbox 205 905 1215 1004; baseline -0.002 -21"><span class='ocrx_word' id='word_1_8' title='bbox 205 913 319 983; x_wconf 91' lang='lat' dir='ltr'>instar</span> <span class='ocrx_word' id='word_1_9' title='bbox 339 917 447 1000; x_wconf 86' lang='lat' dir='ltr'>atque</span> <span class='ocrx_word' id='word_1_10' title='bbox 466 909 563 980; x_wconf 87' lang='lat' dir='ltr'>itlius</span> <span class='ocrx_word' id='word_1_11' title='bbox 584 908 759 979; x_wconf 74' lang='lat' dir='ltr'>universae</span> <span class='ocrx_word' id='word_1_12' title='bbox 775 909 927 980; x_wconf 81' lang='lat' dir='ltr'>divitatis</span> <span class='ocrx_word' id='word_1_13' title='bbox 949 905 1010 1004; x_wconf 84' lang='grc' dir='ltr'><strong>(Ι),</strong></span> <span class='ocrx_word' id='word_1_14' title='bbox 1027 910 1215 982; x_wconf 88' lang='lat' dir='ltr'>hioautem</span> 
     </span>
     <span class='ocr_line' id='line_1_4' title="bbox 204 1035 1219 1128; baseline -0.002 -20"><span class='ocrx_word' id='word_1_15' title='bbox 204 1037 332 1109; x_wconf 84' lang='lat' dir='ltr'>uirium</span> <span class='ocrx_word' id='word_1_16' title='bbox 348 1040 532 1128; x_wconf 86' lang='lat' dir='ltr'>parentem</span> <span class='ocrx_word' id='word_1_17' title='bbox 550 1051 631 1105; x_wconf 92' lang='lat' dir='ltr'>esse</span> <span class='ocrx_word' id='word_1_18' title='bbox 651 1051 771 1122; x_wconf 83' lang='lat' dir='ltr'>regem</span> <span class='ocrx_word' id='word_1_19' title='bbox 797 1040 858 1105; x_wconf 88' lang='lat' dir='ltr'>ant</span> <span class='ocrx_word' id='word_1_20' title='bbox 877 1035 1127 1126; x_wconf 81' lang='lat' dir='ltr'>imperatorem</span> <span class='ocrx_word' id='word_1_21' title='bbox 1140 1035 1219 1127; x_wconf 94' lang='lat' dir='ltr'>opi-</span> 
     </span>
     <span class='ocr_line' id='line_1_5' title="bbox 203 1157 1212 1249; baseline -0.001 -16"><span class='ocrx_word' id='word_1_22' title='bbox 203 1169 311 1233; x_wconf 85' lang='lat' dir='ltr'><strong>natus</strong></span> <span class='ocrx_word' id='word_1_23' title='bbox 332 1166 398 1244; x_wconf 88' lang='lat' dir='ltr'>est,</span> <span class='ocrx_word' id='word_1_24' title='bbox 418 1158 452 1230; x_wconf 93' lang='lat' dir='ltr'>id</span> <span class='ocrx_word' id='word_1_25' title='bbox 470 1157 614 1249; x_wconf 89' lang='lat' dir='ltr'>quidem</span> <span class='ocrx_word' id='word_1_26' title='bbox 635 1164 735 1228; x_wconf 90' lang='lat' dir='ltr'>ratus</span> <span class='ocrx_word' id='word_1_27' title='bbox 767 1159 925 1229; x_wconf 89' lang='lat' dir='ltr'>romanis</span> <span class='ocrx_word' id='word_1_28' title='bbox 955 1157 1061 1231; x_wconf 89' lang='lat' dir='ltr'>rebus</span> <span class='ocrx_word' id='word_1_29' title='bbox 1089 1160 1212 1240; x_wconf 89' lang='lat' dir='ltr'>utilem</span> 
     </span>
     <span class='ocr_line' id='line_1_6' title="bbox 202 1282 1213 1376; baseline -0.003 -18"><span class='ocrx_word' id='word_1_30' title='bbox 202 1287 310 1376; x_wconf 86' lang='lat' dir='ltr'>atque</span> <span class='ocrx_word' id='word_1_31' title='bbox 327 1284 568 1356; x_wconf 84' lang='lat' dir='ltr'>neeessariam</span> <span class='ocrx_word' id='word_1_32' title='bbox 590 1282 721 1352; x_wconf 85' lang='lat' dir='ltr'>tautam</span> <span class='ocrx_word' id='word_1_33' title='bbox 740 1300 820 1354; x_wconf 88' lang='lat' dir='ltr'>esse</span> <span class='ocrx_word' id='word_1_34' title='bbox 846 1283 1072 1373; x_wconf 88' lang='lat' dir='ltr'>imperatoris</span> <span class='ocrx_word' id='word_1_35' title='bbox 1086 1284 1213 1355; x_wconf 89' lang='lat' dir='ltr'>vulun-</span> 
     </span>
     <span class='ocr_line' id='line_1_7' title="bbox 204 1403 1217 1500; baseline -0.002 -18"><span class='ocrx_word' id='word_1_36' title='bbox 204 1416 327 1482; x_wconf 88' lang='lat' dir='ltr'>tatom.</span> <span class='ocrx_word' id='word_1_37' title='bbox 350 1408 485 1500; x_wconf 83' lang='lat' dir='ltr'>Nempe</span> <span class='ocrx_word' id='word_1_38' title='bbox 502 1405 672 1479; x_wconf 87' lang='lat' dir='ltr'>Catonem</span> <span class='ocrx_word' id='word_1_39' title='bbox 685 1403 836 1494; x_wconf 88' lang='lat' dir='ltr'>Seneoa,</span> <span class='ocrx_word' id='word_1_40' title='bbox 856 1425 928 1477; x_wconf 93' lang='lat' dir='ltr'>non</span> <span class='ocrx_word' id='word_1_41' title='bbox 948 1412 1072 1498; x_wconf 87' lang='lat' dir='ltr'>utpote</span> <span class='ocrx_word' id='word_1_42' title='bbox 1099 1426 1217 1500; x_wconf 91' lang='lat' dir='ltr'>popu·</span> 
     </span>
     <span class='ocr_line' id='line_1_8' title="bbox 204 1529 1202 1627; baseline -0.004 -20"><span class='ocrx_word' id='word_1_43' title='bbox 204 1535 290 1607; x_wconf 85' lang='lat' dir='ltr'>laris</span> <span class='ocrx_word' id='word_1_44' title='bbox 307 1533 459 1606; x_wconf 85' lang='lat' dir='ltr'>civitatis</span> <span class='ocrx_word' id='word_1_45' title='bbox 476 1532 645 1618; x_wconf 89' lang='lat' dir='ltr'>amioum,</span> <span class='ocrx_word' id='word_1_46' title='bbox 657 1530 720 1602; x_wconf 92' lang='lat' dir='ltr'>sed</span> <span class='ocrx_word' id='word_1_47' title='bbox 738 1537 776 1601; x_wconf 89' lang='lat' dir='ltr'>ut</span> <span class='ocrx_word' id='word_1_48' title='bbox 789 1532 988 1622; x_wconf 74' lang='lat' dir='ltr'>sapientem</span> <span class='ocrx_word' id='word_1_49' title='bbox 1007 1529 1202 1627; x_wconf 75' lang='lat' dir='ltr'>extollit(2)</span> 
     </span>
     <span class='ocr_line' id='line_1_9' title="bbox 198 1655 1211 1748; baseline -0.001 -18"><span class='ocrx_word' id='word_1_50' title='bbox 198 1660 336 1732; x_wconf 87' lang='lat' dir='ltr'>Mittam</span> <span class='ocrx_word' id='word_1_51' title='bbox 367 1657 533 1748; x_wconf 86' lang='lat' dir='ltr'>equidem</span> <span class='ocrx_word' id='word_1_52' title='bbox 575 1656 697 1726; x_wconf 85' lang='lat' dir='ltr'>omnia</span> <span class='ocrx_word' id='word_1_53' title='bbox 726 1655 798 1726; x_wconf 86' lang='lat' dir='ltr'>atie</span> <span class='ocrx_word' id='word_1_54' title='bbox 817 1656 910 1743; x_wconf 86' lang='lat' dir='ltr'>iooa,</span> <span class='ocrx_word' id='word_1_55' title='bbox 942 1663 1072 1748; x_wconf 80' lang='lat' dir='ltr'>praeter</span> <span class='ocrx_word' id='word_1_56' title='bbox 1098 1676 1211 1729; x_wconf 92' lang='lat' dir='ltr'>unum</span> 
     </span>
     <span class='ocr_line' id='line_1_10' title="bbox 203 1780 1209 1871; baseline -0.003 -15"><span class='ocrx_word' id='word_1_57' title='bbox 203 1803 223 1856; x_wconf 88' lang='lat' dir='ltr'>o</span> <span class='ocrx_word' id='word_1_58' title='bbox 256 1782 400 1871; x_wconf 79' lang='lat' dir='ltr'>dialogo</span> <span class='ocrx_word' id='word_1_59' title='bbox 437 1782 480 1852; x_wconf 85' lang='lat' dir='ltr'>de</span> <span class='ocrx_word' id='word_1_60' title='bbox 512 1780 681 1871; x_wconf 68' lang='lat' dir='ltr'>beneficiis</span> <span class='ocrx_word' id='word_1_61' title='bbox 717 1787 940 1871; x_wconf 82' lang='lat' dir='ltr'>excerptum,</span> <span class='ocrx_word' id='word_1_62' title='bbox 974 1780 1033 1852; x_wconf 88' lang='lat' dir='ltr'>uhi</span> <span class='ocrx_word' id='word_1_63' title='bbox 1062 1780 1209 1854; x_wconf 79' lang='lat' dir='ltr'>Brutum</span> 
     </span>
     <span class='ocr_line' id='line_1_11' title="bbox 203 1905 1217 1999; baseline 0.002 -21"><span class='ocrx_word' id='word_1_64' title='bbox 203 1906 454 1999; x_wconf 86' lang='lat' dir='ltr'>reprehendit:</span> <span class='ocrx_word' id='word_1_65' title='bbox 484 1932 501 1969; x_wconf 78' lang='lat' dir='ltr'>r</span> <span class='ocrx_word' id='word_1_66' title='bbox 524 1905 609 1978; x_wconf 85' lang='lat' dir='ltr'>Mitt</span> <span class='ocrx_word' id='word_1_67' title='bbox 639 1906 849 1991; x_wconf 81' lang='lat' dir='ltr'>enimcum</span> <span class='ocrx_word' id='word_1_68' title='bbox 873 1906 925 1977; x_wconf 90' lang='lat' dir='ltr'>vir</span> <span class='ocrx_word' id='word_1_69' title='bbox 941 1925 1095 1996; x_wconf 82' lang='lat' dir='ltr'>mugnus</span> <span class='ocrx_word' id='word_1_70' title='bbox 1112 1908 1217 1980; x_wconf 84' lang='lat' dir='ltr'>tuerit</span> 
     </span>
     <span class='ocr_line' id='line_1_12' title="bbox 204 2029 1217 2120; baseline 0.001 -17"><span class='ocrx_word' id='word_1_71' title='bbox 204 2033 239 2103; x_wconf 93' lang='lat' dir='ltr'>in</span> <span class='ocrx_word' id='word_1_72' title='bbox 258 2032 353 2120; x_wconf 79' lang='lat' dir='ltr'>atus,</span> <span class='ocrx_word' id='word_1_73' title='bbox 371 2033 407 2102; x_wconf 93' lang='lat' dir='ltr'>in</span> <span class='ocrx_word' id='word_1_74' title='bbox 424 2032 492 2103; x_wconf 84' lang='lat' dir='ltr'>huo</span> <span class='ocrx_word' id='word_1_75' title='bbox 506 2050 542 2102; x_wconf 88' lang='lat' dir='ltr'>re</span> <span class='ocrx_word' id='word_1_76' title='bbox 561 2029 698 2102; x_wconf 89' lang='lat' dir='ltr'>videtur</span> <span class='ocrx_word' id='word_1_77' title='bbox 711 2032 945 2104; x_wconf 86' lang='lat' dir='ltr'>vehementer</span> <span class='ocrx_word' id='word_1_78' title='bbox 973 2050 1127 2119; x_wconf 90' lang='lat' dir='ltr'>errasse,</span> <span class='ocrx_word' id='word_1_79' title='bbox 1150 2051 1217 2104; x_wconf 87' lang='lat' dir='ltr'>neu</span> 
     </span>
     <span class='ocr_line' id='line_1_13' title="bbox 205 2155 1213 2245; baseline -0.001 -15"><span class='ocrx_word' id='word_1_80' title='bbox 205 2177 248 2230; x_wconf 83' lang='lat' dir='ltr'>er</span> <span class='ocrx_word' id='word_1_81' title='bbox 276 2156 499 2228; x_wconf 88' lang='lat' dir='ltr'>institutione</span> <span class='ocrx_word' id='word_1_82' title='bbox 533 2158 645 2228; x_wconf 88' lang='lat' dir='ltr'>stuioa</span> <span class='ocrx_word' id='word_1_83' title='bbox 684 2173 723 2226; x_wconf 89' lang='lat' dir='ltr'>se</span> <span class='ocrx_word' id='word_1_84' title='bbox 757 2156 889 2244; x_wconf 83' lang='lat' dir='ltr'>egisse,</span> <span class='ocrx_word' id='word_1_85' title='bbox 925 2155 986 2245; x_wconf 86' lang='lat' dir='ltr'>qui</span> <span class='ocrx_word' id='word_1_86' title='bbox 1017 2162 1079 2227; x_wconf 90' lang='lat' dir='ltr'>aut</span> <span class='ocrx_word' id='word_1_87' title='bbox 1119 2157 1213 2245; x_wconf 79' lang='lat' dir='ltr'>regis</span> 
     </span>
     <span class='ocr_line' id='line_1_14' title="bbox 204 2279 1216 2373; baseline 0.002 -19"><span class='ocrx_word' id='word_1_88' title='bbox 204 2302 336 2356; x_wconf 89' lang='lat' dir='ltr'>numen</span> <span class='ocrx_word' id='word_1_89' title='bbox 373 2281 549 2368; x_wconf 84' lang='lat' dir='ltr'>extimuit,</span> <span class='ocrx_word' id='word_1_90' title='bbox 586 2299 665 2351; x_wconf 91' lang='lat' dir='ltr'>oum</span> <span class='ocrx_word' id='word_1_91' title='bbox 700 2279 855 2369; x_wconf 91' lang='lat' dir='ltr'>optimus</span> <span class='ocrx_word' id='word_1_92' title='bbox 886 2285 1001 2352; x_wconf 89' lang='lat' dir='ltr'>status</span> <span class='ocrx_word' id='word_1_93' title='bbox 1034 2282 1100 2354; x_wconf 90' lang='lat' dir='ltr'>sub</span> <span class='ocrx_word' id='word_1_94' title='bbox 1133 2303 1216 2373; x_wconf 79' lang='lat' dir='ltr'>rege</span> 
     </span>
     <span class='ocr_line' id='line_1_15' title="bbox 202 2403 1216 2498; baseline 0 -18"><span class='ocrx_word' id='word_1_95' title='bbox 202 2409 300 2498; x_wconf 75' lang='lat' dir='ltr'>iusto</span> <span class='ocrx_word' id='word_1_96' title='bbox 320 2403 387 2493; x_wconf 85' lang='lat' dir='ltr'>&#39;sit;</span> <span class='ocrx_word' id='word_1_97' title='bbox 407 2412 470 2476; x_wconf 88' lang='lat' dir='ltr'>aut</span> <span class='ocrx_word' id='word_1_98' title='bbox 489 2404 537 2476; x_wconf 86' lang='lat' dir='ltr'>ini</span> <span class='ocrx_word' id='word_1_99' title='bbox 555 2404 711 2494; x_wconf 87' lang='lat' dir='ltr'>sperarit</span> <span class='ocrx_word' id='word_1_100' title='bbox 737 2404 937 2476; x_wconf 79' lang='lat' dir='ltr'>libertatem</span> <span class='ocrx_word' id='word_1_101' title='bbox 958 2405 1127 2496; x_wconf 85' lang='lat' dir='ltr'>futuram,</span> <span class='ocrx_word' id='word_1_102' title='bbox 1155 2408 1216 2480; x_wconf 90' lang='lat' dir='ltr'>ubi</span> 
     </span>
     <span class='ocr_line' id='line_1_16' title="bbox 205 2518 1218 2620; baseline -0.002 -16"><span class='ocrx_word' id='word_1_103' title='bbox 205 2518 277 2604; x_wconf 88' lang='lat' dir='ltr'>tam</span> <span class='ocrx_word' id='word_1_104' title='bbox 297 2550 468 2620; x_wconf 83' lang='lat' dir='ltr'>magnum</span> <span class='ocrx_word' id='word_1_105' title='bbox 486 2529 673 2620; x_wconf 86' lang='lat' dir='ltr'>praemium</span> <span class='ocrx_word' id='word_1_106' title='bbox 691 2535 766 2600; x_wconf 89' lang='lat' dir='ltr'>erat</span> <span class='ocrx_word' id='word_1_107' title='bbox 790 2534 825 2600; x_wconf 90' lang='lat' dir='ltr'>et</span> <span class='ocrx_word' id='word_1_108' title='bbox 850 2529 1050 2620; x_wconf 87' lang='lat' dir='ltr'>imperandi</span> <span class='ocrx_word' id='word_1_109' title='bbox 1079 2538 1113 2603; x_wconf 92' lang='lat' dir='ltr'>et</span> <span class='ocrx_word' id='word_1_110' title='bbox 1145 2551 1218 2604; x_wconf 90' lang='lat' dir='ltr'>ser-</span> 
     </span>
     <span class='ocr_line' id='line_1_17' title="bbox 203 2653 1215 2745; baseline 0 -17"><span class='ocrx_word' id='word_1_111' title='bbox 203 2656 345 2743; x_wconf 81' lang='lat' dir='ltr'>uiendi;</span> <span class='ocrx_word' id='word_1_112' title='bbox 369 2661 431 2726; x_wconf 90' lang='lat' dir='ltr'>aut</span> <span class='ocrx_word' id='word_1_113' title='bbox 451 2653 665 2725; x_wconf 85' lang='lat' dir='ltr'>existimarit</span> <span class='ocrx_word' id='word_1_114' title='bbox 691 2653 868 2725; x_wconf 81' lang='lat' dir='ltr'>civitatem</span> <span class='ocrx_word' id='word_1_115' title='bbox 897 2654 933 2724; x_wconf 93' lang='lat' dir='ltr'>in</span> <span class='ocrx_word' id='word_1_116' title='bbox 953 2655 1106 2745; x_wconf 88' lang='lat' dir='ltr'>priorem</span> <span class='ocrx_word' id='word_1_117' title='bbox 1143 2657 1215 2728; x_wconf 88' lang='lat' dir='ltr'>iur-</span> 
     </span>
     <span class='ocr_line' id='line_1_18' title="bbox 204 2779 1211 2872; baseline -0.001 -19"><span class='ocrx_word' id='word_1_118' title='bbox 204 2801 298 2853; x_wconf 87' lang='lat' dir='ltr'>mam</span> <span class='ocrx_word' id='word_1_119' title='bbox 318 2799 426 2872; x_wconf 89' lang='lat' dir='ltr'>posse</span> <span class='ocrx_word' id='word_1_120' title='bbox 448 2779 616 2866; x_wconf 81' lang='lat' dir='ltr'>revocari,</span> <span class='ocrx_word' id='word_1_121' title='bbox 652 2779 797 2850; x_wconf 86' lang='lat' dir='ltr'>amissis</span> <span class='ocrx_word' id='word_1_122' title='bbox 832 2779 991 2868; x_wconf 82' lang='lat' dir='ltr'>pristinis</span> <span class='ocrx_word' id='word_1_123' title='bbox 1026 2781 1211 2869; x_wconf 82' lang='lat' dir='ltr'>murinus,</span> 
     </span>
     <span class='ocr_line' id='line_1_19' title="bbox 207 2903 1218 2995; baseline -0.001 -18"><span class='ocrx_word' id='word_1_124' title='bbox 207 2906 436 2995; x_wconf 80' lang='lat' dir='ltr'>futuramque</span> <span class='ocrx_word' id='word_1_125' title='bbox 453 2903 501 2974; x_wconf 91' lang='lat' dir='ltr'>ibi</span> <span class='ocrx_word' id='word_1_126' title='bbox 530 2904 773 2992; x_wconf 83' lang='lat' dir='ltr'>aequaiitatem</span> <span class='ocrx_word' id='word_1_127' title='bbox 796 2903 906 2974; x_wconf 80' lang='lat' dir='ltr'>divitis</span> <span class='ocrx_word' id='word_1_128' title='bbox 928 2904 1018 2993; x_wconf 87' lang='lat' dir='ltr'>juris</span> <span class='ocrx_word' id='word_1_129' title='bbox 1039 2911 1073 2976; x_wconf 89' lang='lat' dir='ltr'>et</span> <span class='ocrx_word' id='word_1_130' title='bbox 1101 2911 1218 2976; x_wconf 90' lang='lat' dir='ltr'>statn-</span> 
     </span>
     <span class='ocr_line' id='line_1_20' title="bbox 205 3027 1216 3116; baseline -0.001 -15"><span class='ocrx_word' id='word_1_131' title='bbox 205 3049 264 3101; x_wconf 90' lang='lat' dir='ltr'>ras</span> <span class='ocrx_word' id='word_1_132' title='bbox 280 3050 345 3101; x_wconf 94' lang='lat' dir='ltr'>suo</span> <span class='ocrx_word' id='word_1_133' title='bbox 362 3030 438 3100; x_wconf 84' lang='lat' dir='ltr'>ioco</span> <span class='ocrx_word' id='word_1_134' title='bbox 457 3029 568 3116; x_wconf 81' lang='lat' dir='ltr'>leges,</span> <span class='ocrx_word' id='word_1_135' title='bbox 589 3028 648 3098; x_wconf 87' lang='lat' dir='ltr'>ubi</span> <span class='ocrx_word' id='word_1_136' title='bbox 674 3027 810 3098; x_wconf 87' lang='lat' dir='ltr'>viderat</span> <span class='ocrx_word' id='word_1_137' title='bbox 828 3034 879 3099; x_wconf 92' lang='lat' dir='ltr'>tot</span> <span class='ocrx_word' id='word_1_138' title='bbox 902 3030 1014 3099; x_wconf 80' lang='lat' dir='ltr'>miliia</span> <span class='ocrx_word' id='word_1_139' title='bbox 1032 3030 1216 3100; x_wconf 92' lang='lat' dir='ltr'>homiuum</span> 
     </span>
     <span class='ocr_line' id='line_1_21' title="bbox 203 3150 1080 3249; baseline -0.009 -23"><span class='ocrx_word' id='word_1_140' title='bbox 203 3155 418 3247; x_wconf 84' lang='lat' dir='ltr'>pugnantia,</span> <span class='ocrx_word' id='word_1_141' title='bbox 442 3173 514 3224; x_wconf 96' lang='lat' dir='ltr'>non</span> <span class='ocrx_word' id='word_1_142' title='bbox 531 3171 577 3223; x_wconf 87' lang='lat' dir='ltr'>au</span> <span class='ocrx_word' id='word_1_143' title='bbox 595 3153 780 3240; x_wconf 88' lang='lat' dir='ltr'>servirent,</span> <span class='ocrx_word' id='word_1_144' title='bbox 803 3153 867 3224; x_wconf 91' lang='lat' dir='ltr'>sed</span> <span class='ocrx_word' id='word_1_145' title='bbox 884 3154 951 3224; x_wconf 90' lang='lat' dir='ltr'>utri</span> <span class='ocrx_word' id='word_1_146' title='bbox 972 3150 1032 3249; x_wconf 85' lang='lat'><strong>(3).</strong></span> <span class='ocrx_word' id='word_1_147' title='bbox 1064 3183 1080 3218; x_wconf 84' lang='lat'>»</span> 
     </span>
    </p>

    <p class='ocr_par' dir='ltr' id='par_1_3' title="bbox 205 3255 1211 3493">
     <span class='ocr_line' id='line_1_22' title="bbox 250 3255 1211 3369; baseline 0 -19"><span class='ocrx_word' id='word_1_148' title='bbox 250 3279 302 3350; x_wconf 84' lang='grc' dir='ltr'>ΑΙ)</span> <span class='ocrx_word' id='word_1_149' title='bbox 316 3279 372 3350; x_wconf 91' lang='lat' dir='ltr'>his</span> <span class='ocrx_word' id='word_1_150' title='bbox 392 3278 536 3369; x_wconf 86' lang='lat' dir='ltr'>pendet,</span> <span class='ocrx_word' id='word_1_151' title='bbox 556 3284 593 3348; x_wconf 90' lang='lat' dir='ltr'>ut</span> <span class='ocrx_word' id='word_1_152' title='bbox 613 3278 662 3347; x_wconf 89' lang='lat' dir='ltr'>ita</span> <span class='ocrx_word' id='word_1_153' title='bbox 681 3277 812 3365; x_wconf 85' lang='lat' dir='ltr'>diuam,</span> <span class='ocrx_word' id='word_1_154' title='bbox 840 3284 935 3349; x_wconf 90' lang='lat' dir='ltr'>totus</span> <span class='ocrx_word' id='word_1_155' title='bbox 957 3278 999 3349; x_wconf 86' lang='lat' dir='ltr'>de</span> <span class='ocrx_word' id='word_1_156' title='bbox 1027 3255 1211 3351; x_wconf 78' lang='lat' dir='ltr'>clementio</span> 
     </span>
     <span class='ocr_line' id='line_1_23' title="bbox 205 3404 384 3493; baseline 0 -17"><span class='ocrx_word' id='word_1_157' title='bbox 205 3404 384 3493; x_wconf 79' lang='lat' dir='ltr'>dialogus.</span> 
     </span>
    </p>
   </div>
   <div class='ocr_carea' id='block_1_3' title="bbox 205 3672 1221 4242">
    <p class='ocr_par' dir='ltr' id='par_1_4' title="bbox 236 3672 1030 3740">
     <span class='ocr_line' id='line_1_24' title="bbox 236 3672 1030 3740; baseline -0.004 -13"><span class='ocrx_word' id='word_1_158' title='bbox 236 3676 272 3740; x_wconf 89' lang='lat' dir='ltr'>(t)</span> <span class='ocrx_word' id='word_1_159' title='bbox 287 3676 319 3740; x_wconf 88' lang='grc' dir='ltr'>ΙΙ,</span> <span class='ocrx_word' id='word_1_160' title='bbox 335 3675 374 3737; x_wconf 83' lang='grc'>16,</span> <span class='ocrx_word' id='word_1_161' title='bbox 389 3675 439 3726; x_wconf 81' lang='lat' dir='ltr'>suit</span> <span class='ocrx_word' id='word_1_162' title='bbox 454 3675 534 3728; x_wconf 79' lang='lat' dir='ltr'>duom</span> <span class='ocrx_word' id='word_1_163' title='bbox 547 3689 554 3735; x_wconf 87' lang='lat'><strong>;</strong></span> <span class='ocrx_word' id='word_1_164' title='bbox 569 3674 613 3737; x_wconf 86' lang='grc' dir='ltr'><strong>ΙΙΙ,</strong></span> <span class='ocrx_word' id='word_1_165' title='bbox 630 3675 656 3724; x_wconf 87' lang='grc' dir='ltr'>ΙΙ</span> <span class='ocrx_word' id='word_1_166' title='bbox 670 3674 787 3736; x_wconf 75' lang='lat' dir='ltr'>;1v‚23;</span> <span class='ocrx_word' id='word_1_167' title='bbox 803 3674 843 3735; x_wconf 84' lang='lat' dir='ltr'>vt,</span> <span class='ocrx_word' id='word_1_168' title='bbox 859 3675 903 3735; x_wconf 83' lang='grc' dir='ltr'>ΙΙ;</span> <span class='ocrx_word' id='word_1_169' title='bbox 918 3672 974 3736; x_wconf 88' lang='grc' dir='ltr'><strong>ΧΙΙ,</strong></span> <span class='ocrx_word' id='word_1_170' title='bbox 989 3673 1030 3724; x_wconf 84' lang='grc'>36.</span> 
     </span>
    </p>

    <p class='ocr_par' dir='ltr' id='par_1_5' title="bbox 237 3763 542 3830">
     <span class='ocr_line' id='line_1_25' title="bbox 237 3763 542 3830; baseline 0 -16"><span class='ocrx_word' id='word_1_171' title='bbox 237 3764 271 3829; x_wconf 69' lang='grc' dir='ltr'>(Ξ)</span> <span class='ocrx_word' id='word_1_172' title='bbox 287 3763 321 3814; x_wconf 79' lang='lat' dir='ltr'>ite</span> <span class='ocrx_word' id='word_1_173' title='bbox 335 3766 418 3816; x_wconf 75' lang='lat' dir='ltr'>court.</span> <span class='ocrx_word' id='word_1_174' title='bbox 434 3777 508 3830; x_wconf 76' lang='lat' dir='ltr'>sup,</span> <span class='ocrx_word' id='word_1_175' title='bbox 519 3766 542 3814; x_wconf 87' lang='grc' dir='ltr'>Ι.</span> 
     </span>
    </p>

    <p class='ocr_par' dir='ltr' id='par_1_6' title="bbox 205 3848 1221 4078">
     <span class='ocr_line' id='line_1_26' title="bbox 238 3848 1221 3918; baseline 0.002 -14"><span class='ocrx_word' id='word_1_176' title='bbox 238 3853 273 3917; x_wconf 86' lang='grc'>(3)</span> <span class='ocrx_word' id='word_1_177' title='bbox 289 3852 323 3904; x_wconf 84' lang='lat' dir='ltr'>ne</span> <span class='ocrx_word' id='word_1_178' title='bbox 334 3853 432 3918; x_wconf 65' lang='lat' dir='ltr'>benef„</span> <span class='ocrx_word' id='word_1_179' title='bbox 450 3853 482 3914; x_wconf 91' lang='grc' dir='ltr'>ΙΙ,</span> <span class='ocrx_word' id='word_1_180' title='bbox 492 3853 534 3905; x_wconf 67' lang='lat'>20.</span> <span class='ocrx_word' id='word_1_181' title='bbox 545 3853 606 3903; x_wconf 58' lang='grc' dir='ltr'>Ι-</span> <span class='ocrx_word' id='word_1_182' title='bbox 620 3852 659 3904; x_wconf 87' lang='lat' dir='ltr'>ot.</span> <span class='ocrx_word' id='word_1_183' title='bbox 674 3851 740 3918; x_wconf 70' lang='lat' dir='ltr'>Ep,</span> <span class='ocrx_word' id='word_1_184' title='bbox 756 3848 819 3902; x_wconf 82' lang='lat' dir='ltr'>xlv.</span> <span class='ocrx_word' id='word_1_185' title='bbox 835 3853 878 3904; x_wconf 81' lang='lat'>13:</span> <span class='ocrx_word' id='word_1_186' title='bbox 898 3873 910 3899; x_wconf 76' lang='lat' dir='ltr'>o</span> <span class='ocrx_word' id='word_1_187' title='bbox 928 3854 995 3916; x_wconf 78' lang='lat' dir='ltr'>Quid</span> <span class='ocrx_word' id='word_1_188' title='bbox 1008 3853 1054 3906; x_wconf 89' lang='lat' dir='ltr'>tini</span> <span class='ocrx_word' id='word_1_189' title='bbox 1067 3853 1117 3915; x_wconf 83' lang='lat' dir='ltr'>vis,</span> <span class='ocrx_word' id='word_1_190' title='bbox 1134 3854 1221 3906; x_wconf 77' lang='lat' dir='ltr'>Marce</span> 
     </span>
     <span class='ocr_line' id='line_1_27' title="bbox 205 3931 1221 3998; baseline 0.001 -13"><span class='ocrx_word' id='word_1_191' title='bbox 205 3931 288 3985; x_wconf 80' lang='lat' dir='ltr'>Cato?</span> <span class='ocrx_word' id='word_1_192' title='bbox 299 3934 357 3984; x_wconf 83' lang='lat' dir='ltr'>tum</span> <span class='ocrx_word' id='word_1_193' title='bbox 373 3934 523 3998; x_wconf 77' lang='lat' dir='ltr'>nonagitnr</span> <span class='ocrx_word' id='word_1_194' title='bbox 537 3932 572 3984; x_wconf 87' lang='lat' dir='ltr'>de</span> <span class='ocrx_word' id='word_1_195' title='bbox 589 3933 729 3994; x_wconf 88' lang='lat' dir='ltr'>libertate;</span> <span class='ocrx_word' id='word_1_196' title='bbox 746 3932 808 3983; x_wconf 89' lang='lat' dir='ltr'>oiim</span> <span class='ocrx_word' id='word_1_197' title='bbox 821 3934 994 3998; x_wconf 82' lang='lat' dir='ltr'>pessumdata</span> <span class='ocrx_word' id='word_1_198' title='bbox 1010 3937 1094 3986; x_wconf 89' lang='lat' dir='ltr'>est...</span> <span class='ocrx_word' id='word_1_199' title='bbox 1114 3953 1162 3980; x_wconf 73' lang='lat' dir='ltr'>o-</span> <span class='ocrx_word' id='word_1_200' title='bbox 1184 3937 1221 3986; x_wconf 79' lang='lat' dir='ltr'>De</span> 
     </span>
     <span class='ocr_line' id='line_1_28' title="bbox 205 4013 949 4078; baseline -0.007 -14"><span class='ocrx_word' id='word_1_201' title='bbox 205 4013 296 4075; x_wconf 73' lang='lat' dir='ltr'>citou,</span> <span class='ocrx_word' id='word_1_202' title='bbox 308 4013 327 4075; x_wconf 94' lang='grc' dir='ltr'>Ι,</span> <span class='ocrx_word' id='word_1_203' title='bbox 345 4014 381 4064; x_wconf 83' lang='lat' dir='ltr'>tu.</span> <span class='ocrx_word' id='word_1_204' title='bbox 399 4013 429 4063; x_wconf 67' lang='lat' dir='ltr'>t:</span> <span class='ocrx_word' id='word_1_205' title='bbox 450 4033 462 4059; x_wconf 72' lang='grc' dir='ltr'>ιι</span> <span class='ocrx_word' id='word_1_206' title='bbox 479 4014 576 4064; x_wconf 83' lang='lat' dir='ltr'>Natura</span> <span class='ocrx_word' id='word_1_207' title='bbox 591 4016 745 4064; x_wconf 86' lang='lat' dir='ltr'>commenta</span> <span class='ocrx_word' id='word_1_208' title='bbox 758 4015 800 4064; x_wconf 85' lang='lat' dir='ltr'>est</span> <span class='ocrx_word' id='word_1_209' title='bbox 811 4026 912 4078; x_wconf 81' lang='lat' dir='ltr'>regem.</span> <span class='ocrx_word' id='word_1_210' title='bbox 937 4034 949 4060; x_wconf 87' lang='lat'>»</span> 
     </span>
    </p>

    <p class='ocr_par' dir='ltr' id='par_1_7' title="bbox 207 4093 1221 4242">
     <span class='ocr_line' id='line_1_29' title="bbox 237 4093 1221 4160; baseline 0 -14"><span class='ocrx_word' id='word_1_211' title='bbox 237 4093 274 4148; x_wconf 80' lang='lat' dir='ltr'>Gi.</span> <span class='ocrx_word' id='word_1_212' title='bbox 291 4094 415 4146; x_wconf 86' lang='lat' dir='ltr'>Boissior.</span> <span class='ocrx_word' id='word_1_213' title='bbox 433 4108 474 4160; x_wconf 81' lang='lat' dir='ltr'>op.</span> <span class='ocrx_word' id='word_1_214' title='bbox 496 4096 557 4155; x_wconf 65' lang='lat' dir='ltr'>cit„</span> <span class='ocrx_word' id='word_1_215' title='bbox 575 4098 592 4144; x_wconf 88' lang='lat' dir='ltr'>t.</span> <span class='ocrx_word' id='word_1_216' title='bbox 614 4093 645 4155; x_wconf 90' lang='grc' dir='ltr'>ΙΙ,</span> <span class='ocrx_word' id='word_1_217' title='bbox 664 4107 693 4157; x_wconf 95' lang='lat' dir='ltr'>p.</span> <span class='ocrx_word' id='word_1_218' title='bbox 714 4094 762 4142; x_wconf 71' lang='lat'>2’3:</span> <span class='ocrx_word' id='word_1_219' title='bbox 780 4113 792 4137; x_wconf 69' lang='grc' dir='ltr'>α</span> <span class='ocrx_word' id='word_1_220' title='bbox 810 4093 849 4143; x_wconf 88' lang='lat' dir='ltr'>Un</span> <span class='ocrx_word' id='word_1_221' title='bbox 876 4093 994 4158; x_wconf 88' lang='lat' dir='ltr'>partisan</span> <span class='ocrx_word' id='word_1_222' title='bbox 1022 4093 1170 4147; x_wconf 84' lang='lat' dir='ltr'>containou</span> <span class='ocrx_word' id='word_1_223' title='bbox 1185 4093 1221 4146; x_wconf 90' lang='lat' dir='ltr'>du</span> 
     </span>
     <span class='ocr_line' id='line_1_30' title="bbox 207 4173 643 4242; baseline -0.007 -14"><span class='ocrx_word' id='word_1_224' title='bbox 207 4175 307 4242; x_wconf 72' lang='lat' dir='ltr'>ropime</span> <span class='ocrx_word' id='word_1_225' title='bbox 320 4173 441 4239; x_wconf 77' lang='lat' dir='ltr'>imperial</span> <span class='ocrx_word' id='word_1_226' title='bbox 455 4174 611 4240; x_wconf 64' lang='lat' dir='ltr'>(seneque).</span> <span class='ocrx_word' id='word_1_227' title='bbox 630 4192 643 4216; x_wconf 72' lang='lat' dir='ltr'>r</span> 
     </span>
    </p>
   </div>
   <div class='ocr_carea' id='block_1_4' title="bbox 0 0 1536 4942">
    <p class='ocr_par' dir='ltr' id='par_1_8' title="bbox 0 0 1536 4942">
     <span class='ocr_line' id='line_1_31' title="bbox 0 0 1536 4942; baseline 0 0"><span class='ocrx_word' id='word_1_228' title='bbox 0 0 1536 4942; x_wconf 95' lang='lat' dir='ltr'> </span> 
     </span>
    </p>
   </div>
  </div>
 </body>
</html>
