3062 4942
622 641 846 718 -8t-·

185 791 189 798 ’
211 815 288 870 cam
310 797 451 890 tyranni
472 795 681 886 imaginem,
700 793 765 867 sed
781 793 1030 887 descripsisse,
1045 813 1227 870 memore-

210 939 305 1008 mus,
328 921 425 1012 quod
455 926 632 1012 superest,
661 919 733 990 alia
763 920 842 991 inca
874 921 1049 991 nonnulla
1069 937 1150 1012 quaa
1175 918 1222 991 ad

208 1045 385 1118 Tiberium
404 1045 580 1136 pertinere
596 1044 771 1116 videntur.
803 1041 938 1135 Nempe
959 1050 997 1116 ut
1027 1071 1041 1108 r
1067 1044 1117 1116 Ti.
1144 1045 1218 1119 Cae-

209 1172 301 1243 saris
331 1171 445 1262 prima
478 1178 674 1261 tempora»
703 1169 819 1258 tetigit
852 1165 917 1264 (i),
956 1171 1008 1242 sic
1040 1171 1217 1244 Neronem

208 1287 334 1360 laudat
380 1287 478 1377 quod
516 1304 588 1358 rron
622 1285 776 1377 priorum
813 1286 1013 1377 principum
1045 1289 1219 1380 exemptis

207 1419 395 1503 corruptus
412 1408 458 1506 (d)
488 1417 663 1500 quantum
691 1410 728 1480 in
756 1410 850 1481 cives
884 1429 971 1482 suos
1001 1411 1135 1492 liceret,
1167 1431 1226 1485 ex-

207 1535 380 1628 periendo
411 1535 613 1622 tentaverit,
648 1534 825 1606 ciuitatem
858 1541 981 1607 contra
1012 1537 1219 1626 praestiterit

209 1662 447 1733 incruentam.
468 1659 631 1731 Forsitan
644 1665 680 1731 et
699 1659 745 1730 ad
759 1658 938 1731 Tiberium
954 1661 1123 1751 respiciat
1136 1681 1217 1734 cum

208 1793 330 1858 nrouet
347 1785 522 1859 Neronem
536 1789 705 1876 parentes
726 1783 929 1874 liberosque
941 1803 1077 1871 eorum,
1093 1787 1152 1876 qui
1169 1787 1223 1858 in-

206 1911 343 1983 teriecti
367 1915 465 1998 sunt,
495 1917 535 2014 et
565 1909 787 2000 propinquos
819 1914 854 1980 et
881 1909 1016 1981 amicos
1036 1909 1074 1981 in
1103 1911 1219 1983 iocum

154 2119 157 2124 ¹
206 2034 431 2124 singulorum
448 2033 639 2106 succedere
656 2028 718 2129 (3).
742 2032 952 2105 Tiberiusne
967 2034 1074 2106 etiam
1087 2033 1219 2124 Sejano

204 2159 433 2250 interempto,
464 2177 512 2229 an
539 2157 660 2244 CaiuS,
699 2164 762 2228 aut
798 2157 1002 2229 uuiversum
1033 2158 1216 2249 quoddam

202 2283 346 2374 tyranni
377 2281 561 2373 exemplar
590 2287 772 2373 spectatur
790 2282 827 2352 iu
847 2282 946 2354 hisce
961 2282 1077 2354 locis:
1100 2308 1118 2349 n
1142 2282 1215 2356 Nec

202 2407 284 2479 ilias
323 2407 422 2498 ipsas
469 2426 614 2496 manus,
661 2406 793 2496 quihus
838 2425 877 2478 se
922 2407 1113 2496 commisit,
1160 2425 1215 2480 se-

202 2551 310 2605 curus
353 2531 524 2623 adspicit,
572 2530 760 2603 contrariis
793 2532 829 2602 in
868 2531 1046 2603 contraria
1076 2532 1216 2622 agitur,

203 2675 286 2728 nam
322 2675 402 2730 cum
434 2656 571 2727 inuisus
606 2657 665 2745 sit,
690 2656 776 2746 quia
798 2657 954 2744 timetur,
976 2657 1092 2728 timeri
1120 2657 1206 2745 vult,

204 2781 290 2871 quia
324 2782 460 2853 invisus
496 2787 551 2853 cst
593 2777 639 2876 (d)
667 2810 742 2852 n...
783 2807 798 2844 <r
844 2782 1011 2853 omnibus
1050 2782 1120 2854 reis
1151 2801 1215 2853 no·

203 2907 281 2978 xior
295 2925 337 2977 ac
365 2906 563 2992 sollicitior,
585 2913 624 2977 nt
646 2906 708 2996 qui
737 2906 904 2978 homines
928 2905 1089 2998 deosque
1108 2909 1219 2980 testes

202 3030 401 3102 facinorum
431 3049 473 3102 ac
517 3029 833 3116 vindicastimcat,
874 3050 917 3103 en
956 3030 1148 3122 perductus
1183 3037 1222 3102 ut

201 3175 276 3228 non
296 3153 401 3228 liceat
418 3154 469 3226 iiii
502 3161 639 3228 mutare
660 3174 850 3230 mores...:
872 3153 1009 3230 scelera
1028 3156 1122 3228 enim
1140 3174 1216 3228 sce-

203 3280 339 3353 laribus
368 3280 505 3352 tuenda
521 3283 606 3352 sunt
623 3277 684 3376 (5).
713 3309 729 3344 n

252 3401 339 3476 Inde
374 3405 571 3496 accingitur
611 3401 749 3478 Seneca
782 3403 828 3479 ad
868 3403 1027 3496 aliquam
1076 3395 1218 3496 tyranni

202 3529 398 3618 imaginem
440 3530 545 3620 quasi
591 3530 782 3620 platonicis
824 3531 940 3602 vorbis
983 3529 1221 3622 descriptam,

237 3823 272 3894 (t)
289 3823 324 3878 Dc
338 3825 430 3890 ciana,
448 3827 470 3890 1,
485 3829 511 3881 i.
527 3829 553 3879 6.

238 3915 271 3979 (a)
286 3913 370 3977 rore,
385 3915 406 3978 1,
423 3917 464 3966 rr.
485 3919 500 3967 a
516 3917 583 3968 eta.

238 4004 275 4067 (3)
290 4001 430 4066 Dantem,
446 4005 466 4067 1,
481 4005 509 4056 8.
527 4007 551 4056 7.

237 4093 276 4155 id)
294 4090 326 4142 lio
339 4091 410 4143 clem
427 4093 525 4155 ‚1‚ta.
548 4095 600 4146 ‘ri-d.

240 4182 276 4245 (5)
294 4181 329 4232 lic
342 4180 434 4244 clam,
449 4182 469 4244 1,
485 4183 526 4234 ¹3.
541 4182 569 4233 2.
