3062 4942
646 635 864 710 -toa-

257 791 597 866 delecturerborum
615 790 835 862 moderatam
869 790 1085 883 sapientiam
1115 798 1268 866 testatur

257 915 365 1000 atque
393 908 564 980 declarat.
586 906 632 979 Ut
661 906 755 980 enim
781 908 945 998 exemplo
981 913 1075 997 utar,
1108 909 1272 982 inscribit

256 1031 295 1106 L.
335 1033 494 1106 Annaeus
533 1031 685 1120 hujusce
721 1031 818 1103 modi
855 1032 1070 1104 lormulam:
1112 1059 1129 1097 o
1156 1033 1272 1106 Vincit

256 1158 371 1230 malos
386 1157 549 1250 pertinax
564 1157 710 1229 bonitas
725 1152 787 1252 (l).
804 1184 820 1220 o
844 1155 920 1228 Hoc
933 1162 1054 1228 autem
1068 1159 1270 1230 Antoninus

256 1283 345 1357 satis
383 1283 480 1355 ducit
515 1281 737 1374 expressisse
771 1283 821 1352 ita
849 1282 1058 1374 prolessus:
1084 1309 1101 1346 «
1128 1281 1270 1376 Optimo

255 1427 399 1502 quoque
413 1407 520 1480 modo
536 1407 729 1494 ulciscitur,
741 1407 770 1478 si
788 1407 869 1497 quis
885 1406 1011 1479 abnuit
1034 1409 1269 1502 semetipsum

254 1532 360 1607 malis
374 1532 458 1605 viris
478 1532 679 1605 assimilare
700 1527 761 1627 (⁹2).
795 1559 812 1596 »
838 1530 1021 1604 Sinceram
1043 1533 1138 1605 enim
1170 1534 1270 1606 baud

254 1658 450 1749 quidquam
475 1657 583 1728 vincit
610 1655 869 1745 benignitatem
903 1661 1048 1748 propter
1080 1657 1117 1729 id
1149 1659 1267 1750 ipsum

254 1782 352 1874 quod
373 1809 390 1846 «
417 1781 599 1875 proprium
619 1786 675 1852 est
689 1781 848 1852 bominis
865 1781 945 1852 illos
966 1801 1121 1855 amarea
1136 1783 1267 1874 quibus

254 1900 526 2002 offenditurl3).
565 1933 580 1971 »
685 1971 690 1986 ,

302 2032 451 2123 Nempe,
481 2049 627 2118 revera,
652 2029 738 2120 quid
767 2029 909 2102 deceret
935 2030 1072 2102 virilem
1105 2033 1264 2105 animum

256 2157 328 2229 alio
343 2156 446 2228 valde
461 2155 569 2227 morlo
598 2160 707 2244 alque
736 2152 875 2227 Seneca
891 2154 1078 2245 iudicabat
1092 2159 1135 2228 M.
1152 2155 1266 2230 Aure-

253 2281 336 2354 lius.
373 2278 526 2372 Sapiens
557 2280 665 2364 enim,
707 2279 907 2351 secundum
946 2278 1136 2371 Senecam,
1175 2282 1265 2355 virili

250 2406 369 2478 virtuti
401 2404 523 2477 nescio
557 2403 644 2494 quid
683 2404 827 2475 miscuit
860 2405 1006 2496 superbi
1040 2406 1193 2497 durique
1229 2415 1265 2480 et

251 2531 391 2624 asperi:
411 2529 549 2602 lenitati
560 2534 684 2600 contra
702 2534 737 2600 et
750 2528 903 2601 bonitati
927 2529 1128 2604 Antoninus
1144 2533 1264 2604 inesse
1366 2567 1368 2571 ·

250 2655 385 2728 virilius
404 2653 541 2744 aliquid
574 2654 742 2743 opinatus
771 2665 839 2742 est,
870 2662 905 2726 et
924 2656 1095 2728 humanae
1124 2663 1264 2730 naturae

253 2780 523 2853 convenientius
539 2774 599 2872 (ll).
611 2763 683 2850 'Hie
700 2778 875 2851 mollescit
897 2785 932 2853 et
950 2799 989 2852 se
1016 2781 1148 2871 frangit
1167 2782 1263 2854 illius

250 2905 450 2978 secundum
470 2903 644 2975 Senecam
686 2901 868 2994 Sapientis
903 2903 1072 2994 durities;
1108 2895 1262 2997 ideoque

251 3028 349 3122 apud
363 3046 431 3100 nos
460 3027 672 3098 notissimus
697 3027 861 3116 scriptor,
878 3035 1072 3119 postquam
1101 3030 1262 3120 diligen-

248 3154 387 3226 tissime
421 3152 568 3225 Senecae
601 3152 644 3223 de
677 3152 859 3224 clementio
893 3153 1075 3243 dialogum
1110 3154 1259 3246 legerat,

247 3277 480 3368 interrogavit
508 3272 554 3371 (5)
589 3275 811 3348 verboneilli
845 3284 968 3350 nostro
1002 3306 1019 3341 ι(
1045 3281 1256 3371 compotiri

248 3403 396 3475 elatine
416 3402 451 3473 in
468 3407 627 3473 nostram
648 3400 810 3490 linguam
830 3402 1005 3475 translato
1031 3403 1258 3493 subjicienda

278 3739 313 3803 (l)
331 3733 727 3800 Βεὺεηε[.,)’11,31.-)’,2.
744 3736 774 3796 l;
790 3735 814 3784 3.
832 3737 847 3786 3
855 3749 863 3797 ;
881 3738 933 3786 etc.

279 3828 312 3893 (a)
330 3828 372 3889 vr,
387 3826 412 3888 o,
425 3828 452 3877 et
466 3823 509 3888 ru,
525 3825 564 3874 ra.
580 3824 605 3874 a.

279 3918 313 3982 (3)
328 3915 383 3978 vll,
397 3914 446 3978 223
461 3914 503 3978 tlt,
515 3914 561 3974 423
571 3913 602 3976 x,
612 3912 653 3964 30.

278 4007 314 4070 (tl
330 4006 371 4067 xl,
390 4004 428 4054 l8.

277 4095 312 4156 (5)
327 4091 444 4154 nideror,
459 4090 536 4143 Essut
564 4103 619 4141 sur.
631 4089 667 4141 tes
682 4092 776 4154 rtpnes
790 4090 821 4141 dc
843 4091 944 4144 (liburie
957 4095 981 4144 et
996 4093 1028 4144 dc
1054 4092 1146 4145 Neron
1162 4092 1218 4156 rud.
1234 4095 1257 4144 J.

246 4174 366 4236 asserat,
382 4171 498 4222 OEurres
513 4169 670 4235 conpletas,
686 4174 709 4222 t.
727 4170 771 4233 lll,
787 4184 815 4234 p,
834 4172 902 4234 ser).
