3080 4948
741 695 789 706 ..
815 639 863 726 pq
887 693 936 704 -

332 805 460 900 prioris
475 805 555 878 libri
574 805 692 878 locum
714 805 844 878 afferas
863 825 933 895 quo
951 804 1080 894 legitur
1110 831 1127 866 o
1154 823 1176 874 a
1195 801 1334 876 duabus

332 932 452 1004 causis
472 931 598 1024 punire
615 932 782 1022 princeps
803 931 908 1017 solet·
928 930 959 1001 si
979 935 1040 1001 aut
1055 949 1093 1002 se
1112 927 1338 1000 vindicateut

331 1057 443 1130 alium
472 1052 523 1152 (l)
547 1083 583 1145 n,
612 1055 981 1146 sequarisqueusque
998 1053 1045 1126 ad
1059 1054 1267 1126 uicesimum
1286 1072 1339 1125 se·

328 1181 486 1254 cundum
503 1179 704 1272 explicitam
721 1181 950 1268 sententiam,
979 1179 1072 1251 inter
1084 1179 1152 1250 tria
1177 1177 1240 1250 illa
1259 1195 1337 1268 quae

328 1306 386 1380 lex
405 1311 529 1380 secuta
544 1310 599 1378 est
614 1305 651 1377 in
683 1333 700 1370 o
727 1304 856 1377 alienis
883 1327 898 1370 t
928 1302 1068 1394 injuriis
1098 1301 1336 1390 vindicandis,

328 1430 397 1503 lroo
411 1429 638 1524 peculiariter
653 1430 700 1502 ad
716 1428 915 1502 Stoicorum
934 1427 1132 1501 doctrinam
1160 1428 1335 1519 pertinere

327 1555 484 1647 opineris
531 1582 547 1619 o
573 1560 612 1626 ut
640 1573 736 1641 eum,
777 1573 885 1645 quem
913 1553 1029 1646 punit,
1058 1551 1288 1641 emendet»,
1315 1569 1337 1622 a

326 1669 476 1753 Platone
493 1680 621 1752 saltem
651 1680 878 1752 enucleatum
907 1675 967 1774 (d).
1001 1677 1098 1750 Mitto
1130 1679 1236 1749 etiam
1267 1675 1337 1748 alia

326 1804 405 1875 loca
433 1801 492 1900 (3).
524 1803 608 1893 Sed,
630 1805 659 1875 si
688 1804 834 1895 quidde
860 1804 965 1876 venia
996 1803 1177 1894 scripserit
1204 1802 1242 1873 L.
1264 1799 1337 1873 ln-

325 1929 631 2018 naeusintueoris‚
666 1928 703 2000 id
729 1929 803 2019 jam
832 1929 946 2019 primo
972 1927 1145 2018 adspectu
1161 1937 1336 2016 agnoscas

325 2053 436 2124 stoice
453 2054 639 2144 scriptum,
666 2071 783 2143 neque
801 2050 938 2124 Seneca
953 2059 1008 2124 est
1027 2051 1214 2123 infitiatus.
1232 2035 1336 2140 ltqul

323 2173 368 2250 de
384 2178 574 2252 clementia
589 2179 763 2270 quaerenti
785 2179 993 2251 nonnullius
1010 2177 1182 2250 momenti
1206 2184 1261 2248 est
1293 2175 1336 2248 de

323 2301 429 2374 venia
449 2301 625 2375 subtiliter
645 2309 679 2376 et
697 2310 799 2376 acute
815 2303 1015 2394 disputare.

374 2444 574 2517 Fatendum
601 2451 656 2518 est
675 2447 832 2537 prolecto
850 2446 917 2536 ipsi
952 2443 1099 2517 Senecae
1127 2461 1237 2536 prope
1266 2443 1336 2514 dis·

322 2571 455 2661 plicere
475 2571 585 2643 hasce
605 2571 841 2643 scholasticas
857 2571 1044 2661 opiniones
1070 2588 1112 2641 ac
1131 2569 1330 2641 finitiones:

324 2695 575 2785 quasquidem
597 2702 632 2768 et
663 2715 729 2785 ego
757 2697 831 2786 jam
864 2694 1075 2786 perhibebo
1106 2695 1244 2784 etipse
1279 2699 1332 2766 est

320 2817 473 2894 breuiter
505 2821 724 2912 complexus.
755 2820 890 2911 Nempe
916 2820 1014 2892 allud
1054 2820 1208 2907 ueniam,
1238 2817 1333 2890 aliud

321 2945 547 3018 clementiam
577 2945 694 3018 valere
726 2945 926 3037 protessus,
956 2944 1226 3036 plenioremque
1253 2961 1332 3016 esse

320 3070 547 3143 clementiam
565 3088 672 3159 quam
699 3070 805 3143 venia
827 3077 882 3143 est
910 3075 946 3142 et
978 3069 1235 3156 honestiorem,
1263 3065 1333 3140 hoc

319 3194 481 3267 addidit:
511 3221 526 3258 o
555 3194 607 3267 De
627 3195 752 3285 veclo,
781 3201 820 3266 ut
837 3213 918 3267 mea
933 3194 999 3266 lert
1028 3193 1165 3284 opinio,
1191 3198 1332 3265 contro-

345 3604 378 3669 (l)
397 3604 430 3656 lle
442 3605 518 3658 clem.
536 3606 557 3668 1,
573 3605 615 3669 uu,
634 3606 658 3658 l.

344 3685 377 3750 (t)
396 3685 491 3738 Omitto
517 3685 577 3738 lraec
594 3683 654 3737 loca
680 3698 714 3738 nc
742 3685 907 3751 quaestiones
936 3686 1131 3753 quaestiouibus
1148 3689 1264 3740 nectam.
1294 3687 1328 3736 dt

311 3763 451 3817 sciendum
467 3763 595 3831 estquod
611 3764 775 3818 Platonicum
788 3769 830 3819 est
846 3767 961 3820 Stoicum
979 3781 1041 3821 esse
1054 3781 1145 3832 posse.
1162 3766 1259 3820 Nescio
1270 3765 1329 3828 cuis

311 3845 414 3898 Stolcus
431 3849 521 3919 totum
530 3845 722 3911 conscripserit
737 3845 833 3898 librum
848 3847 883 3900 de
897 3848 937 3900 cis
951 3861 1012 3914 quae
1028 3849 1204 3901 Platonicum
1225 3845 1321 3900 Stoicis

312 3925 465 3978 communia
476 3917 550 3978 sunt.

339 4013 373 4077 (3)
393 4031 405 4057 o
422 4012 495 4064 llanc
521 4011 631 4077 sapiens
655 4025 738 4077 quare
751 4025 805 4066 uon
821 4012 919 4066 debeat
941 4013 1016 4077 dare,
1050 4004 1167 4067 reddunt
1181 4001 1312 4066 rationem

309 4091 416 4156 diutius,
433 4092 530 4158 quibus
541 4094 594 4145 noc
609 4093 777 4158 propositum
794 4097 853 4155 est;
871 4107 923 4162 ego
937 4095 1054 4148 breviter
1070 4099 1197 4161 tanquam
1213 4094 1241 4146 iu
1258 4093 1322 4146 alie·

307 4183 343 4224 no
354 4171 456 4238 judicio
475 4171 575 4229 dicam.
597 4193 608 4219 ι
627 4171 675 4240 (Dc
688 4171 775 4237 ricem,
793 4173 826 4237 ll,
842 4175 866 4237 7,
884 4175 919 4237 l.)
