3080 4948
627 1035 778 1112 CAPUT
803 1036 836 1111 11

224 1293 298 1364 Quo
315 1292 408 1347 Anno
423 1291 494 1346 AUT
514 1285 588 1358 Qun
606 1287 691 1343 ANNI
709 1291 826 1343 PARTE
842 1287 1086 1346 consuluimus
1105 1289 1235 1344 rustam

638 1414 820 1470 wlnodus

273 1629 420 1704 Senecae
435 1629 685 1722 philosophico
701 1648 824 1720 opera,
860 1649 930 1720 quo
951 1629 1076 1702 ordine
1106 1630 1237 1702 luerint

224 1754 1236 1847 conscripta,summatimdemonstrarehaudabsquela-

224 1881 309 1952 bore
324 1880 477 1980 res-plus
490 1899 597 1970 quam
614 1880 724 1952 semel
737 1880 914 1971 apparuit.
929 1878 1001 1952 Neo
1017 1880 1123 1970 plane
1139 1897 1234 1950 oom-

223 2011 362 2096 perlum
376 2024 422 2076 an
434 2005 542 2077 ullum
554 2005 662 2095 huius
673 2005 815 2094 gerreris
827 2022 918 2095 opus
934 2010 1016 2076 ante
1029 2002 1065 2076 C.
1080 2002 1234 2076 Caesaris

224 2136 372 2202 mortem
395 2129 658 2221 conscripserit.
688 2128 899 2219 Coniectura
929 2128 1073 2220 quidem
1108 2128 1237 2221 proba·

227 2255 299 2328 bile
320 2260 374 2328 est
394 2255 437 2327 de
464 2257 520 2327 ira
551 2254 652 2327 libris
680 2261 714 2327 el
747 2255 789 2326 de
810 2254 974 2326 breuitate
1002 2255 1081 2326 uitae
1100 2254 1233 2326 lamam

224 2379 405 2471 scriptoris
419 2379 683 2472 quamprimum
701 2377 948 2470 pererebuisse
960 2386 1043 2451 ante
1055 2378 1233 2452 exsilium.

223 2503 262 2574 ln
276 2503 336 2575 illo
355 2503 451 2576 enim
468 2522 574 2595 opero
591 2501 628 2575 C.
645 2501 797 2576 Caesaris
813 2502 937 2575 mortis
950 2502 1183 2591 mentionem,
1196 2509 1235 2574 ut

223 2628 393 2718 recentis
414 2628 587 2720 reperias,
604 2626 706 2713 Quod
719 2633 838 2700 autem
851 2627 898 2699 ad
908 2627 1056 2700 bunede
1071 2627 1234 2700 breuitate

222 2754 301 2825 oilae
320 2753 448 2824 librum
466 2752 608 2841 attinet,
632 2754 783 2826 relerlur
808 2751 855 2824 ad
885 2771 1021 2824 annum
1052 2771 1138 2843 quo,
1168 2753 1237 2825 Ro·

224 2897 320 2950 mam
356 2884 556 2967 revocatus,
591 2879 629 2950 L.
657 2876 817 2950 Annaeus
854 2883 1048 2970 praeturam
1082 2878 1232 2969 aceepit.

223 3001 316 3088 Quid
337 3003 478 3075 multa?
508 3003 587 3076 Jam
609 3009 692 3075 anle
710 3002 874 3074 exsilium
901 3002 1007 3074 iamae
1028 3021 1109 3074 sese
1141 3002 1237 3076 inse-

224 3128 325 3200 rebat
364 3127 525 3217 Seneca,
557 3147 675 3218 neque
716 3127 942 3200 solummodo
981 3123 1063 3219 post
1097 3125 1235 3200 Conso-

224 3253 376 3326 lationes
440 3253 521 3325 illas
583 3253 621 3325 in
667 3253 794 3324 exsilio
843 3252 989 3341 quidem
1063 3251 1233 3344 scriptas,

223 3377 413 3451 sedetiam
439 3384 521 3470 post
537 3379 615 3450 baeo
645 3377 715 3449 dno
736 3376 990 3468 pbilosopbioa
1011 3395 1120 3466 opera
1140 3376 1237 3448 edita

222 3510 385 3576 nostrum
406 3504 448 3576 de
478 3503 658 3576 clementia
690 3502 873 3594 dialogum
894 3498 942 3597 (l)
970 3500 1101 3574 Neroni
1136 3501 1236 3574 dica-

223 3629 269 3700 rit
300 3624 364 3723 (b).

253 3857 288 3921 (l)
306 3857 361 3909 Hoc
377 3854 490 3908 verbum
523 3853 694 3919 promptioris
722 3853 782 3920 styli
799 3853 945 3919 usurpabo,
960 3853 1083 3920 quamvis
1112 3853 1202 3906 absint
1221 3867 1236 3906 a

221 3935 375 3989 blilanensis
389 3935 490 3988 codicis
513 3934 626 4001 dialogis
636 3935 662 3986 bi
678 3937 763 3987 nostri
792 3934 824 3986 dr
839 3935 980 3987 elementia
995 3934 1054 3986 libri
1070 3934 1110 4000 (ll.
1123 3933 1235 3997 Teuffel,

221 4016 249 4066 R.
269 4015 298 4066 L.
315 4028 341 4080 p.
360 4015 404 4067 193
422 4017 449 4066 et
466 4015 512 4065 llil
540 4013 641 4080 galticae
656 4014 905 4079 interpretationis).

252 4105 286 4168 (Ξ)
304 4103 379 4156 Adde
402 4101 477 4169 quod
493 4102 585 4156 ludum
602 4101 636 4156 de
660 4106 746 4156 morte
779 4102 891 4155 Caesaris
924 4101 1045 4155 ediderat
1060 4102 1140 4169 paulo
1173 4105 1237 4168 post

220 4183 321 4237 Claudii
338 4188 463 4237 mortem.
