3080 4948
624 641 820 716 ...27-

217 796 358 870 obviam
377 794 467 867 ltom
498 800 567 882 est,
591 811 771 885 «semper
799 795 929 867 atrocis
946 791 1007 891 (l),
1028 823 1045 862 »
1078 799 1225 888 posto'a-

217 935 327 1012 quam
343 919 518 992 Pallantis
538 917 739 991 subsidium
756 925 812 991 est
831 921 1005 1011 ereptum.
1024 922 1136 992 lmmo
1151 922 1230 1012 lege

216 1045 409 1118 Annalium
438 1049 547 1135 caput
576 1042 664 1116 illud
692 1043 916 1132 vicesimum,
934 1050 1058 1136 specta
1087 1053 1229 1118 noctem

215 1167 328 1258 illam,
346 1169 600 1258 decretamque
620 1168 712 1239 inter
727 1168 809 1239 vina
828 1166 1033 1261 Agrippina
1061 1173 1225 1243 mortem.

216 1293 460 1368 servaveritne
495 1293 644 1365 Burrum
669 1291 807 1364 Seneca
830 1312 958 1383 necne,
991 1294 1075 1366 inde
1103 1295 1228 1386 Agrip-

212 1420 358 1511 pinam:
388 1419 424 1490 id
456 1419 583 1491 saltem
613 1423 754 1489 constat
774 1407 1225 1510 dgripplnaeimpotentem

214 1546 373 1617 animum
396 1561 438 1616 ac
458 1545 576 1615 minas
592 1539 638 1638 (ἓ)
654 1542 762 1615 nimis
777 1549 859 1634 apte
878 1524 1027 1618 'venisse
1056 1545 1226 1618 scribenti

214 1667 361 1742 Senecae
390 1670 427 1741 in
454 1668 677 1742 memoriam.

262 1790 396 1867 Idcirco
427 1793 507 1866 loca
534 1793 710 1865 nonnulla
725 1793 763 1865 in
785 1793 842 1864 his
870 1792 970 1866 libris
997 1793 1146 1886 perinde
1172 1794 1228 1866 in-

213 1919 418 2009 terpreteris
448 1935 490 1990 ac
523 1918 554 1990 si
590 1917 766 1990 Neronem
792 1917 831 1990 L.
866 1916 1026 1991 Annaeus
1058 1939 1081 1990 a
1112 1920 1227 1992 male-

213 2043 330 2115 suada
354 2043 407 2114 ira
422 2049 485 2114 aut
511 2043 645 2114 exitiali
666 2042 872 2133 suspicione
898 2043 1077 2116 ultioneve
1108 2044 1227 2116 deter-

212 2167 364 2239 rendum
385 2166 575 2256 intelligat.
607 2163 711 2251 Quod
727 2166 873 2256 quidem
893 2186 984 2258 opus
1003 2167 1103 2240 lraud
1124 2169 1227 2241 aliter

161 2372 163 2378 ,
211 2297 352 2382 poterat
370 2266 558 2382 prodesse,
574 2290 644 2360 nisi
665 2290 803 2364 Seneca
832 2292 1038 2364 summatim
1059 2312 1101 2365 ac
1120 2311 1229 2383 gene-

211 2417 335 2488 naliter
354 2415 398 2488 do
417 2416 475 2488 his
492 2416 733 2505 eloqueretur.

265 2540 353 2612 Inde
380 2540 616 2613 solertissime
637 2541 792 2614 scribere
812 2541 942 2615 Neroni
968 2542 1012 2615 de
1038 2543 1228 2616 clementia

212 2665 368 2737 instituit
398 2671 436 2736 ut
457 2664 724 2754 quodammodo
751 2693 767 2730 «
794 2666 930 2759 speculi
948 2668 1058 2740 vice»
1098 2668 1228 2758 iunge-

213 2797 322 2879 retur,
349 2797 385 2862 ot
413 2788 781 2886 ostenderetVCaesari
801 2790 994 2882 Caesarem,
1020 2793 1117 2866 illam
1148 2792 1227 2866 dico

214 2915 355 3005 tyranni
383 2933 425 2986 ac
454 2915 605 3017 monstri
640 2905 786 2988 minime
821 2917 1097 2989 assentatoriam
1130 2919 1227 2990 ima-

213 3037 349 3127 ginem,
384 3038 451 3110 sub
485 3037 556 3110 fine
590 3040 718 3130 prioris
752 3039 832 3111 libri
864 3059 1087 3131 expressam,
1117 3061 1225 3132 quam

214 3162 360 3253 quidem
388 3162 487 3234 licuit
519 3162 651 3236 Neroni
685 3183 758 3236 non
792 3183 1003 3255 agnoscere,
1039 3165 1225 3240 blanditiis

214 3292 276 3358 aut
291 3286 367 3358 suis
384 3287 499 3378 ipsius
519 3287 613 3360 vitiis
637 3285 799 3380 decepto.

262 3410 378 3482 Alium
409 3412 517 3484 etiam
546 3409 679 3503 dialogi
713 3414 893 3486 conferam
923 3423 1002 3488 cum
1039 3416 1223 3490 annalium

213 3537 291 3610 loco
320 3536 452 3624 locum,
482 3542 521 3608 ut
541 3543 715 3629 appareat
737 3538 781 3611 de
799 3539 1010 3632 Agrippina,
1027 3540 1159 3613 nedum
1181 3541 1225 3614 do

214 3661 405 3734 clementia
424 3660 688 3752 tantummodo,
709 3664 779 3753 agi.

246 4002 281 4066 (l)
297 4001 358 4054 Tac.
373 4003 454 4064 dnn„
468 4002 536 4063 lllll,
547 4001 575 4052 ta
592 4004 619 4054 et
633 4003 681 4063 ll;
696 4000 732 4055 cl.
746 4000 837 4065 Boule,
848 4002 959 4066 llll-lla
970 4001 1035 4055 ‘avril
1050 4003 1122 4054 i869:
1142 4023 1154 4048 o
1170 4001 1224 4054 Ello

212 4085 276 4133 veut
298 4081 348 4134 das
373 4085 475 4148 oiages.
496 4081 550 4132 Ello
566 4093 674 4156 carossa
686 4081 869 4133 Britannicus:
889 4094 924 4134 on
942 4083 966 4134 lc
977 4082 1013 4134 lui
1028 4085 1081 4134 tue.
1101 4101 1113 4127 u

246 4171 278 4235 li)
295 4173 374 4231 Aram,
388 4171 456 4232 xlii,
472 4171 502 4222 l8
517 4173 544 4220 et
557 4171 596 4221 19.
