3062 4942
658 621 861 707 .-99-

259 790 515 866 φιλανθρωποτάτην.
548 775 681 850 Omnes
714 779 809 850 enim
848 779 885 850 in
914 780 980 850 hen
1009 779 1271 852 conveniebant

260 901 357 992 qued
373 901 480 974 rebus
495 902 665 974 humanis
681 902 908 974 commodum
926 922 968 975 ae
989 903 1145 975 salutare
1176 910 1274 976 esset

261 1026 447 1118 imperium
474 1027 510 1098 in
528 1045 656 1098 manus
683 1026 928 1099 Romanorum
950 1028 1137 1116 cecidisse.
1170 1026 1274 1112 Quod

260 1169 341 1222 vem
367 1151 484 1240 maius
510 1157 566 1222 est
598 1157 633 1223 et
660 1151 936 1242 significantius
968 1152 1094 1226 eadem
1123 1153 1274 1225 vieloles

262 1281 370 1366 alque
385 1276 466 1348 vieti
480 1295 515 1348 re
536 1276 741 1348 sentiebant
760 1283 795 1348 et
815 1276 1074 1368 praedicabant.
1167 1307 1170 1316 ·

311 1400 389 1472 Nau
416 1401 522 1472 medo
541 1401 586 1472 M.
604 1400 740 1472 Tullius
761 1400 883 1472 scribit
912 1402 949 1473 in
977 1401 1077 1473 libris
1112 1401 1156 1474 de
1185 1401 1273 1474 oili-

262 1521 422 1620 eiis(·l):
467 1524 690 1610 «Quamdiu
734 1526 922 1616 imperium
966 1527 1089 1618 pepuli
1134 1527 1273 1600 romani

262 1649 447 1722 benefieiis
463 1649 665 1737 tenebatur,
698 1669 771 1740 nen
805 1650 958 1739 iniuriis
990 1651 1086 1723 bella
1116 1658 1177 1723 aul
1210 1671 1274 1742 pio

264 1776 371 1847 soniis
404 1781 465 1846 aul
499 1775 543 1847 de
576 1775 724 1866 imperio
755 1774 994 1864 gerebantur3
1026 1777 1142 1849 exitus
1173 1783 1277 1849 eraut

262 1897 436 1969 bellorum
455 1904 517 1968 aul
532 1898 635 1969 miles
652 1904 714 1967 aul
743 1897 961 1986 neeessaiii;
993 1917 1132 1988 regum,
1165 1917 1278 1990 pupu-

264 2023 393 2111 larum,
410 2021 599 2093 'nationum
613 2028 736 2113 portus
754 2028 829 2093 erat
850 2027 884 2093 et
903 2022 1080 2111 refugium
1098 2029 1247 2094 senatus
1264 2046 1272 2110 ;

266 2149 377 2219 uuslri
394 2155 512 2220 aulem
530 2147 761 2236 magistratus
778 2165 821 2219 ex
837 2147 905 2218 hae
936 2166 1009 2218 una
1023 2163 1060 2219 re
1082 2148 1274 2220 maximam

265 2273 408 2344 laudem
425 2291 552 2363 capere
574 2271 781 2356 eludebant,
804 2272 834 2343 si
866 2272 1067 2362 provincias
1097 2279 1132 2344 et
1161 2272 1278 2344 sanius

265 2399 434 2488 aequitate
464 2404 497 2470 el
515 2396 585 2468 lide
601 2396 861 2468 defendissent.
890 2395 1015 2487 ltaque
1033 2398 1123 2469 illud
1156 2403 1278 2488 patie-

266 2523 398 2595 ninium
418 2523 513 2594 erbis
531 2529 632 2593 lenm
656 2523 773 2593 lelius
794 2541 902 2611 quam
924 2523 1112 2612 imperium
1141 2528 1281 2615 peierat

267 2648 457 2719 nominali.
488 2675 503 2710 »
527 2645 597 2718 Sed
618 2647 725 2717 etiam
748 2647 783 2716 in
813 2647 927 2737 prime
945 2647 990 2718 de
1018 2647 1162 2738 Leuibus
1191 2647 1282 2720 eele—

184 2836 187 2840 ,
266 2772 346 2843 brat
362 2791 471 2843 unam
487 2772 604 2860 legem
624 2770 894 2861 sempiternam,
923 2789 1034 2842 unum
1068 2772 1142 2861 ius,
1172 2791 1279 2843 unam

267 2895 443 2968 divitatem
484 2896 520 2965 iu
557 2914 629 2985 qua
670 2895 846 2966 universae
887 2895 1083 2966 rationales
1128 2901 1281 2985 naturae,

267 3021 413 3111 auspice
436 3026 470 3092 el
485 3019 640 3110 piaeside
660 3020 749 3107 Dee,
768 3019 937 3109 aequitate
971 3025 1005 3091 et
1030 3021 1283 3092 cummunione

263 3147 354 3235 juris
398 3150 589 3234 regunlun:
633 3143 729 3217 uude
766 3144 885 3215 existit
920 3162 1012 3215 nova
1046 3151 1081 3216 et
1120 3144 1284 3218 inaudita

268 3270 394 3358 villus,
416 3270 547 3340 ueritas
567 3268 710 3358 generis
730 3268 879 3338 humani
898 3263 957 3363 (b).
977 3266 1066 3352 Quae
1094 3268 1139 3341 de
1177 3269 1284 3342 iebus

308 3633 341 3696 (l)
361 3633 393 3695 ll,
409 3633 435 3682 8.

308 3733 341 3795 (a)
360 3729 581 3794 Ciedefinibns,
604 3727 693 3787 ltili:
721 3747 732 3770 ιι
751 3726 779 3776 ln
810 3723 882 3776 omui
912 3725 1000 3774 autem
1029 3723 1143 3774 liunesto
1166 3720 1200 3772 de
1226 3732 1280 3786 qno

271 3812 411 3876 loquimur,
442 3809 505 3860 nibil
533 3811 572 3859 esl
590 3811 642 3858 lam
661 3807 771 3866 illustre,
803 3817 854 3855 nee
879 3802 951 3868 quud
981 3801 1058 3853 iatius
1081 3803 1179 3865 pateat,
1205 3813 1285 3879 qnam

271 3892 426 3954 conjunctio
437 3890 506 3940 inter
522 3888 645 3941 beluinos
672 3885 817 3946 bominum,
841 3887 867 3934 el
880 3882 956 3947 quasi
984 3880 1107 3946 quaedam
1126 3879 1241 3948 societas
1256 3881 1283 3930 et

272 3970 477 4026 communicatio
492 3969 632 4020 utilitatum
656 3972 683 4018 et
709 3967 766 4031 ipsa
791 3965 886 4016 cantas
905 3962 1011 4029 generis
1039 3960 1191 4013 buniam...
1219 3960 1284 4010 Nam

271 4066 331 4104 eum
351 4051 389 4103 sie
407 4050 520 4102 beminis
547 4053 639 4100 natura
661 4050 789 4114 geliemla
812 4045 846 4096 sil
860 4048 888 4096 ut
905 4045 1002 4096 babeat
1016 4041 1143 4107 quiddam
1162 4041 1282 4096 innatum

272 4131 347 4199 quasi
363 4131 449 4192 civile,
465 4135 519 4182 ele.
541 4151 553 4176 »
