3080 4948
660 619 855 696 ..pr-

251 775 466 863 decembris,
501 773 670 866 quoniam
705 772 796 847 Nero
826 774 900 865 jam
934 773 1261 850 duodevicesimum

251 919 386 974 annum
415 899 521 972 luerit
549 917 741 990 egressus3
762 905 798 972 et
824 899 972 972 forsitan
1007 899 1129 991 aliqua
1160 910 1262 994 parte

251 1025 336 1098 anni
358 1024 405 1098 56
423 1028 563 1111 exacta,
581 1023 751 1114 quoniam
773 1023 841 1096 itoo
872 1041 968 1095 anno
995 1026 1260 1117 quamprimum

248 1150 426 1224 Neronem
447 1148 632 1222 nocturnis
647 1148 828 1220 erroribus
867 1148 1258 1242 comissationibusque

247 1275 389 1368 publice
404 1274 601 1347 indulsisse
616 1273 759 1345 Tacitus
782 1273 993 1347 tradiderit:
1018 1293 1090 1365 qua
1110 1274 1254 1366 quidem

245 1399 472 1494 potissimum
500 1398 639 1471 ratione
668 1399 843 1471 nonnulla
872 1396 1018 1471 Senecae
1047 1399 1084 1472 in
1114 1399 1258 1491 dialogo

244 1507 382 1600 monita
401 1522 586 1616 explanari
602 1541 710 1614 posse
729 1522 917 1596 videantur
932 1520 996 1618 (t).

289 2083 360 2162 Sed
397 2083 441 2156 de
472 2089 631 2174 tempore
668 2100 740 2173 quo
779 2082 945 2174 dialogus
979 2084 1085 2157 inerit
1118 2086 1250 2174 editus,

234 2209 309 2300 iam
340 2209 442 2281 satis.
477 2207 579 2280 Nunc
599 2226 671 2297 qna
691 2206 776 2279 data
795 2208 984 2280 occasione
1011 2211 1249 2303 conscriptae,

236 2335 364 2427 quidve
385 2339 568 2425 speciano,
589 2334 658 2405 hou
676 2351 740 2424 pro
758 2332 892 2404 viribus
908 2332 1136 2407 definiamus.

285 2455 400 2543 Quam
433 2460 552 2528 autem
591 2455 665 2545 jam
701 2454 887 2526 attulimus
918 2472 961 2527 ex
991 2456 1069 2546 ipso
1107 2458 1251 2548 dialogo

236 2582 424 2674 repetitam
444 2580 596 2653 Neronis
617 2597 754 2667 vocem,
777 2579 855 2650 haec
877 2581 1028 2652 occurrit
1048 2583 1144 2673 apud
1165 2581 1251 2655 Sue-

235 2705 399 2780 tonium:
436 2703 596 2794 «Neque
629 2703 867 2791 liberalitatis
890 2723 1007 2795 neque
1034 2706 1247 2796 olemunde,

237 2851 302 2905 nec
330 2829 507 2904 comitatis
545 2826 688 2920 quidem
726 2828 939 2902 exhibendae
979 2830 1089 2902 ullam
1143 2851 1248 2905 occa-

235 2957 373 3030 sionem
404 2955 569 3027 omisit...
602 2953 644 3026 Et
672 2972 752 3026 eum
773 2954 817 3026 de
850 2954 1024 3046 supplicio
1056 2957 1244 3047 cuiusdam

234 3083 350 3174 capite
370 3080 546 3168 damnati,
568 3086 607 3151 ut
630 3098 673 3150 ex
690 3098 786 3151 more
803 3080 1031 3168 suscriberet‚
1068 3081 1244 3156 admone-

234 3215 350 3281 retur:
389 3232 404 3268 o
426 3202 540 3290 Quam
570 3204 712 3292 uellem,
730 3231 746 3267 »
771 3203 901 3294 inquit,
933 3231 948 3269 u
980 3206 1118 3278 nescire
1148 3208 1249 3279 litte-

234 3351 292 3404 ras
312 3332 319 3402 l
342 3359 358 3395 n
386 3326 432 3426 (t)
465 3328 517 3401 Ad
551 3330 618 3400 hoc
646 3328 765 3419 ipsum
794 3335 935 3421 ternpus
971 3329 1159 3402 referenda
1194 3340 1249 3405 est

233 3451 406 3549 principis
439 3473 506 3525 vox
541 3449 611 3524 illa'
631 3453 763 3524 altera:
805 3479 821 3516 «
846 3451 975 3543 rigenti
1006 3449 1146 3528 senatui
1169 3474 1249 3546 gra-

235 3582 303 3654 tias
323 3579 531 3672 respondit:
562 3605 578 3642 o
598 3577 687 3651 Cum
709 3597 884 3650 meruero.
915 3606 931 3642 u

267 3840 289 3901 (1
304 3837 469 3906 typothetae,
485 3839 513 3891 ut
528 3836 633 3903 opinor,
655 3849 746 3890 errore
762 3836 882 3889 schiller.
898 3835 1003 3898 (Gracia.
1023 3837 1053 3890 d.
1080 3851 1156 3891 runt.
1187 3837 1249 3890 llut-

234 3921 364 3973 rerraiolrs
378 3921 459 3972 anter
473 3919 521 3970 dor
538 3920 686 3984 nuptoronp
699 3917 743 3970 dos
758 3917 839 3979 Nero,
851 3933 878 3985 p.
891 3920 922 3970 97
938 3923 964 3972 et
979 3934 1005 3986 p.
1019 3921 1060 3971 tot
1070 3958 1075 3970 .
1085 3919 1125 3972 Gt.
1139 3934 1169 3986 p.
1189 3921 1244 3984 tou)

236 4001 371 4067 inscripsit
386 4001 412 4052 in
426 3999 546 4068 margine
564 3998 653 4064 operis
669 4012 767 4051 annum
790 4000 822 4051 tto
837 4015 842 4049 :
862 4000 905 4052 lric
920 4000 992 4052 onim
1005 4003 1098 4053 auctor
1112 4001 1246 4067 coniicore

236 4080 397 4134 videtursuh
409 4079 490 4131 finem
503 4079 718 4131 extremumanni
730 4080 762 4130 liti
773 4080 905 4145 prodiisse
915 4080 945 4132 dc
953 4081 1094 4134 ulentcnliu
1102 4079 1248 4148 dialogum.

269 4173 304 4235 (2)
319 4171 407 4232 Suet,
422 4165 502 4231 Nero,
521 4167 558 4218 to.
