3080 4948
655 665 704 687 ».
729 625 771 706 qr
801 673 850 687 ..

245 786 353 878 Atqui
394 785 624 879 cupidinibus
662 784 819 875 quadam
860 803 904 858 ex
941 790 1043 876 parte
1083 783 1259 857 assentire

247 911 423 984 rationem
439 910 548 983 Stoici
563 914 796 996 censuerunt,
812 927 931 1001 neque
948 908 1030 982 oriri
1058 927 1167 1000 posse
1195 927 1259 981 eas

244 1036 451 1126 judicavere
466 1036 538 1109 nisi
553 1053 656 1109 mens
674 1034 821 1123 sineret,
838 1040 1013 1126 tanquam
1037 1035 1147 1125 iudex
1165 1035 1260 1108 maie

247 1161 357 1249 fidus,
392 1166 629 1234 cumcontra
678 1165 740 1231 aut
772 1165 869 1232 ortos
905 1159 1122 1253 repressisse
1151 1168 1259 1250 atque

186 1313 188 1318 ·
247 1287 426 1377 erpellere
440 1287 597 1378 impetus
612 1284 753 1371 deceat,
785 1292 848 1357 aut
875 1285 1022 1376 vigilare
1041 1304 1088 1358 ne
1114 1285 1260 1358 labatur

247 1411 391 1484 animus
408 1407 467 1506 (1).
486 1411 563 1483 Non
581 1410 689 1500 igitur
703 1411 869 1482 aneorum
887 1417 988 1483 vocat
1016 1409 1154 1483 Seneca
1185 1410 1260 1502 pri-

246 1556 342 1608 rnuur
362 1535 473 1606 animi
485 1534 593 1607 ictum
616 1531 679 1629 (ᾖ),
699 1533 796 1606 velut
829 1513 1029 1659 arridenru‘s
1057 1533 1259 1608 ridentibus

247 1669 281 1734 et
295 1661 483 1734 contristat
508 1679 576 1732 nos
606 1660 711 1733 turba
740 1660 993 1733 maerentium:
1033 1661 1156 1733 omnia
1187 1661 1259 1734 ista

153 1885 155 1890 ,
245 1790 364 1858 motus
380 1790 465 1858 sunt
477 1785 678 1857 animorum
696 1785 829 1856 moveri
844 1783 1053 1875 volentium,
1070 1803 1138 1859 neo
1152 1785 1260 1859 adeo-

245 1916 317 1999 tus,
335 1910 400 1983 sod
419 1907 841 2002 principiopraeludentia
857 1910 1058 1983 affectibus.
1074 1909 1259 1998 Immo,-

246 2037 315 2108 hoc
331 2036 427 2108 eninr
447 2034 681 2127 proruendum
700 2040 754 2106 est
774 2034 872 2125 apud
891 2033 1142 2124 Senecam,-
1168 2036 1258 2108 nihii

249 2180 292 2232 er
318 2161 375 2233 his
405 2177 486 2252 quae
521 2159 680 2231 animum
710 2158 853 2231 fortuito
885 2158 1074 2252 impellunt
1107 2159 1257 2233 affectus
1361 2175 1363 2180 ·

253 2286 372 2358 vocari
402 2284 530 2390 debet:
558 2285 642 2372 ista,
670 2288 710 2354 ut
738 2281 788 2354 ita
819 2282 952 2371 dicam,
980 2284 1115 2374 patitur
1141 2285 1257 2375 magis

247 2411 391 2482 animus
420 2427 529 2501 quam
560 2409 657 2481 iacit.
690 2406 782 2497 Ergo
820 2408 961 2499 effectas
998 2414 1054 2480 est
1096 2427 1169 2482 non
1210 2409 1258 2482 ad

245 2535 387 2608 oblatas
417 2554 532 2607 rerurn
558 2533 698 2625 species
719 2533 865 2621 moveri,
894 2532 959 2604 sed
985 2533 1189 2624 permittere
1216 2553 1256 2608 se

242 2662 326 2747 iliis,
345 2667 380 2734 et
393 2663 490 2734 huuc
509 2662 690 2735 fortuitum
708 2669 843 2735 rnotunr
861 2665 1028 2756 persequi
1045 2659 1104 2758 (3).

290 2787 414 2878 Neque
432 2788 555 2873 etiam,
585 2806 655 2878 quo
675 2788 807 2860 clarius
835 2789 913 2861 haec
937 2789 1058 2862 onnia
1074 2788 1255 2862 illustren-

241 2916 311 2998 tur,
351 2910 584 2982 novissimam
622 2910 736 2983 iacern
778 2931 799 2982 a
838 2911 877 2983 L.
918 2909 1055 2986 Annaeo
1098 2915 1253 2986 mutuari

241 3035 389 3108 dubito:
426 3033 607 3125 quomodo
642 3036 737 3107 euim
773 3036 934 3108 oriantur
967 3042 1002 3108 et
1030 3044 1194 3110 crescant
1220 3044 1255 3110 et

272 3360 307 3425 (i)
324 3359 382 3426 Ep,
399 3360 439 3421 te,
454 3358 565 3425 passim.
579 3387 609 3397 -
623 3358 684 3425 ap..
713 3360 759 3411 116
782 3356 905 3422 (Omnino
919 3360 1086 3427 expellendos
1104 3363 1224 3429 effectus)

271 3450 306 3515 (Ξ)
323 3448 358 3502 Dc
372 3449 426 3512 irc,
444 3449 477 3512 ΙΙ,
495 3451 518 3501 i.
535 3450 559 3501 i.
581 3477 612 3486 -
629 3449 662 3512 ΙΙ,
678 3449 702 3500 2.
718 3449 806 3501 2015.

270 3541 305 3604 (3)
320 3538 355 3592 no
377 3540 431 3601 iro.
447 3540 478 3601 11,
501 3539 527 3590 3.
545 3541 578 3590 i:
595 3559 608 3585 u
626 3539 668 3592 ira
686 3551 742 3592 nou
756 3538 858 3592 moveri
872 3542 975 3592 tantum
988 3540 1079 3604 debet,
1096 3542 1146 3594 sed
1160 3555 1256 3596 ercur-

238 3633 311 3674 rere:
332 3623 375 3673 est
398 3619 470 3672 enim
485 3619 611 3685 impetus.
636 3620 776 3686 Nunquam
800 3623 890 3672 antem
915 3620 1031 3686 impetus
1055 3622 1113 3674 sine
1137 3635 1254 3677 assensu

238 3701 336 3754 mentis
351 3703 401 3754 est.
416 3701 507 3766 Neque
523 3700 595 3752 enim
607 3700 664 3752 fieri
683 3702 782 3766 potest,
793 3704 822 3752 ut
841 3699 875 3753 de
892 3700 993 3754 ultione
1019 3706 1045 3754 ot
1066 3715 1147 3768 poena
1160 3709 1254 3770 agatur

238 3780 488 3833 animonescionte:
500 3779 600 3845 putavit
611 3793 641 3832 se
652 3779 747 3846 aliquis
758 3779 862 3842 laesum,
874 3780 1066 3844 voluitulcisci,
1079 3781 1252 3838 dissuadente

239 3861 328 3926 aliqua
355 3864 437 3912 causa
455 3859 544 3911 statim
563 3859 680 3911 resedit:
711 3859 782 3912 hanc
794 3860 860 3911 iram
876 3872 929 3912 non
944 3873 1023 3923 voco,
1043 3863 1122 3926 [voro]
1149 3866 1252 3915 motum

238 3939 319 3993 animi
343 3939 440 3992 rationi
454 3942 605 4005 parentem.
615 3939 662 3991 iila
670 3943 712 3991 est
728 3939 766 3990 ira
780 3954 842 4005 quae
856 3942 988 3994 rationem
1009 3942 1164 3995 transilii...
1182 3944 1251 4010 Ergo

237 4022 322 4087 prima
336 4019 380 4072 ilia
394 4019 503 4086 agitatio
517 4019 599 4070 enimi
627 4032 707 4084 quam
720 4019 827 4086 species
842 4021 945 4088 injuriae
962 4021 1080 4084 incussit.
1096 4036 1151 4077 non
1166 4024 1251 4091 magis

238 4102 276 4154 ira
288 4104 332 4153 est
348 4113 428 4166 quarn
443 4100 501 4165 ipsa
516 4093 618 4164 injun‘ae
636 4099 759 4165 species;
781 4101 870 4154 sed...
893 4103 932 4154 ira
948 4105 990 4156 est
1002 4103 1144 4157 concitatio
1170 4103 1250 4156 animi

236 4181 411 4234 aduitioneur
422 4179 559 4236 voluntate
575 4183 601 4232 et
613 4179 715 4246 judicio
729 4183 880 4248 pergentis.
902 4203 916 4228 o
