3080 4948
678 629 728 639 ..
753 586 802 658 qq
828 627 875 640 ..

276 744 471 816 celestium
503 762 620 814 rerum
662 742 904 812 continentia:
941 748 994 812 tot
1028 741 1286 832 appellationes

273 869 352 958 eius
367 875 519 959 possunt
533 886 615 938 esse
630 873 718 955 quot
745 885 894 936 monera
900 920 972 935 .....
999 865 1171 936 Naturam
1184 884 1284 951 voca,

271 993 399 1078 iatum,
412 993 608 1078 loctunam;
625 991 747 1062 omma
761 990 924 1080 ejusdem
944 990 1008 1062 Ilei
1025 990 1172 1061 nomina
1188 995 1282 1072 sunt,

270 1117 366 1188 uarie
385 1117 517 1188 utentis
536 1135 604 1187 soa
622 1121 801 1206 potestate
822 1112 882 1208 (l).
909 1142 925 1178 ι

319 1239 457 1326 Quodsi
485 1241 557 1312 alia
572 1241 652 1311 loca
670 1239 776 1310 nobis
796 1240 940 1330 placeat
955 1241 1135 1330 inquirere
1156 1240 1192 1310 in
1208 1238 1287 1328 qui·

268 1365 338 1437 hus
376 1363 515 1436 Seneca
547 1363 592 1435 de
619 1382 685 1434 suo
726 1363 955 1453 potissimum
991 1363 1150 1454 scripsit,
1187 1360 1285 1433 haud

270 1489 468 1580 quidquam
493 1488 634 1560 ereniet
658 1488 812 1578 reperire
827 1495 951 1559 contra
980 1491 1129 1560 stoicam
1155 1487 1286 1559 doctri-

270 1633 369 1700 nam,
391 1613 578 1704 paololum
606 1613 759 1683 tortasse
783 1619 884 1683 extra
909 1612 1125 1684 doctrinam.
1158 1611 1281 1683 Fatum

271 1738 415 1828 quidem
432 1736 719 1828 apudSloioosa
742 1739 881 1809 ratione
910 1758 983 1811 non
1012 1738 1080 1808 lull
1112 1738 1280 1810 divisum:

271 1879 445 1933 assensus
464 1868 520 1933 est
539 1869 658 1933 autern
685 1859 823 1933 Seneca
851 1863 936 1933 huic
960 1862 1148 1950 doctrinae,
1170 1862 1283 1933 liben-

273 1987 342 2058 tios
372 1991 495 2058 lamen
513 1986 654 2058 ridetur
685 2015 700 2048 ι
728 1987 904 2058 rationem
933 2016 949 2050 »ι
970 1988 1160 2078 scripsisse
1177 2004 1282 2076 quam

275 2138 293 2174 «ι
318 2111 431 2182 latum
458 2137 494 2181 u.
509 2109 552 2181 At
582 2111 620 2181 in
640 2111 820 2184 ambobus
836 2112 925 2184 locis
944 2131 1055 2202 snpra
1069 2112 1204 2200 allatis,
1229 2111 1284 2182 hio

271 2241 327 2306 est
358 2235 455 2307 Deus
477 2234 621 2324 qualem
650 2236 759 2306 Stoici
799 2236 973 2324 habuere,
1007 2255 1113 2327 quem
1148 2235 1284 2308 Seneca

272 2358 364 2431 adeo
389 2359 539 2430 feliciter
556 2361 744 2450 expressit,
775 2367 815 2431 ut
833 2380 940 2432 nemo
966 2362 1095 2434 melius
1121 2359 1182 2457 (i).

322 3039 406 3111 llaec
425 3039 533 3128 igitur
558 3059 638 3112 cum
659 3043 747 3115 locis
768 3046 997 3118 conteramus
1014 3047 1052 3117 in
1076 3046 1208 3137 quibus
1225 3045 1287 3117 Se-

272 3180 362 3233 neca
390 3163 434 3235 de
459 3164 533 3236 Deo
564 3172 672 3257 atque
700 3168 744 3240 de
770 3168 853 3257 diis,
891 3171 964 3242 sire
996 3189 1181 3262 expresse,
1212 3171 1286 3242 sive

275 3287 395 3376 tacite,
425 3288 461 3359 in
481 3296 602 3362 nostro
621 3291 765 3382 dialogo
791 3294 994 3384 eloquitur:
1013 3296 1110 3387 quod
1139 3295 1283 3386 quidem

271 3429 344 3482 non
375 3413 441 3484 erit
469 3413 631 3504 longum.

324 3564 339 3600 ‹
370 3534 516 3612 serrare
531 3540 777 3631 propriumest
791 3543 1000 3615 excellentis
1016 3543 1183 3633 lortunae,
1203 3563 1285 3635 quae

273 3678 458 3750 nunquam
510 3664 626 3752 magis
678 3665 812 3756 suspici
861 3665 1005 3755 debeat,
1050 3687 1159 3758 quam
1203 3687 1283 3739 cum

272 3783 323 3855 illi
341 3777 493 3875 ¹conligit
512 3787 606 3860 idem
635 3807 744 3881 posse
773 3789 870 3880 quod
896 3790 979 3878 dlis,
1008 3793 1285 3882 quorumbene·

303 4043 339 4105 (r)
358 4040 392 4092 1²0
407 4039 505 4106 med,
516 4043 584 4104 ΝΛ
599 4045 627 4094 et
641 4042 666 4092 ⁸.

305 4132 339 4196 (il
357 4129 398 4182 Ci.
417 4129 587 4197 lory-Brulll,
603 4145 648 4196 op.
666 4130 727 4194 cit,
741 4145 770 4197 p.
786 4132 825 4195 lt,
840 4132 877 4195 lai,
894 4131 930 4182 lo.
