3080 4948
662 629 858 714 „47-

257 797 437 872 molaciet
456 792 516 891 (l).
544 793 618 867 Nec
641 793 868 865 miserebitur
893 791 1061 884 Sapiens,
1089 789 1154 865 sed
1185 805 1265 865 suc-

254 929 371 996 curret
387 940 430 994 ac
441 920 611 1013 proderit,
640 918 853 1008 quotiesque
882 918 1025 1008 poterit,
1044 916 1195 989 lortuuae
1211 919 1264 988 in·

254 1047 413 1122 tercedet
437 1043 499 1141 (ἲ).

302 1725 390 1816 Quae
406 1735 526 1802 autem
541 1735 577 1801 et
599 1730 710 1802 multa
737 1729 808 1801 alia
830 1728 961 1802 similia
988 1729 1172 1802 latendum
1194 1735 1262 1819 cst,

252 1875 319 1928 nec
334 1853 472 1928 Seneca
492 1853 626 1926 inlitias
640 1855 718 1943 iret,
746 1855 928 1946 plerisque
947 1853 1056 1927 videri
1090 1881 1107 1918 «
1133 1855 1263 1942 inrisa,

255 1980 287 2052 si
306 1999 369 2072 per
384 1999 423 2052 se
440 1980 556 2071 posita
571 1978 643 2052 sint
668 2007 705 2068 u,
734 1987 769 2051 et
788 1986 923 2051 sectum
947 1979 1125 2051 duriorem
1155 1998 1264 2069 quam

253 2123 331 2178 ere
354 2104 496 2194 generis
523 2103 687 2193 humani,
716 2104 746 2175 si
767 2105 1015 2194 strictiuseJ'us
1036 2105 1179 2176 decreta
1195 2124 1258 2176 ac-

250 2229 400 2321 ceperis.
429 2229 588 2314 Frustra,
611 2230 693 2301 lieet
710 2248 783 2300 non
802 2230 880 2300 sine
905 2229 996 2319 jure,
1025 2228 1163 2301 Seneca
1183 2228 1267 2300 huic

252 2354 391 2426 crimini
413 2353 536 2443 objicit
566 2380 583 2418 «
611 2354 745 2425 nnllam
768 2361 902 2425 sectam
936 2354 1186 2444 benigniorem
1218 2354 1268 2424 le·

249 2479 460 2569 nioremque
481 2497 576 2562 esse,
606 2479 741 2551 nullam
759 2479 994 2550 amantiorem
1024 2479 1214 2550 hominum
1233 2485 1268 2550 et

247 2604 448 2675 communis
464 2601 549 2675 boni
564 2603 806 2692 attentiorem,
835 2609 873 2675 ut
892 2605 947 2675 cui
973 2604 1194 2694 propositum
1221 2602 1268 2674 sit

246 2727 472 2800 usuiessaet
500 2728 649 2816 auritio,
678 2746 744 2799 nec
770 2728 839 2799 sihi
867 2727 999 2816 solnm,
1031 2727 1096 2799 sed
1126 2729 1266 2799 unirer-

247 2852 297 2924 sis
316 2851 542 2943 singulisque
566 2852 753 2924 consulere
781 2850 846 2946 (3).
880 2879 894 2917 t
923 2852 1165 2924 Nihilominus
1186 2871 1266 2942 spe·

250 2977 323 3050 cies
344 2983 466 3049 manet
483 2976 609 3048 odiosa
620 2983 655 3049 et
670 2977 887 3068 importuna.
918 2973 1076 3061 Quodlit
1105 2996 1177 3048 non
1211 2995 1268 3048 so-

249 3101 324 3173 lum
353 3120 397 3174 ex
437 3101 716 3192 intemperantia
740 3102 898 3192 quadam
928 3102 1115 3187 orationis,
1141 3102 1205 3173 seri
1223 3120 1267 3173 er

250 3244 293 3298 eo
313 3226 409 3317 quod
429 3227 546 3316 magis
566 3226 759 3298 ambitiosa
775 3233 831 3299 est
850 3233 885 3299 ct
900 3227 1056 3317 superba
1075 3227 1266 3298 allectuum

249 3349 454 3442 descriptio,
483 3369 592 3441 quarn
610 3350 764 3440 diligens
780 3357 815 3422 et
830 3351 929 3423 omni
958 3370 1001 3423 er
1029 3356 1130 3442 parte
1151 3350 1268 3422 abso-

249 3471 337 3546 luta.
365 3471 457 3547 Vera
473 3480 558 3547 sunt
573 3473 680 3547 multa
697 3494 778 3566 quae
800 3472 938 3547 Seneca
955 3495 976 3546 a
997 3475 1179 3564 magistris
1192 3475 1267 3547 suis

249 3606 434 3672 mutuatus
454 3605 522 3685 est,
552 3600 666 3672 multa
686 3617 767 3690 quoa
796 3599 842 3671 ab
876 3598 1132 3690 experimentis
1153 3604 1262 3688 atque

248 3723 543 3798 meditationibus
564 3723 707 3814 adjecit.
737 3724 808 3796 Sed
835 3743 939 3816 aeque
968 3722 1188 3795 obliviscitur
1217 3741 1259 3794 ac

281 3978 316 4044 (l)
333 3977 404 4031 llrld.
424 3979 457 4042 ll,
474 3982 501 4032 rt.
524 3979 546 4040 l,
558 3990 604 4043 sq.
622 3978 732 4044 (Gertz).

282 4067 316 4131 (Ξ)
333 4067 373 4120 Cl.
390 4067 597 4129 tractamine
624 4080 686 4119 cum
702 4067 733 4118 de
747 4066 793 4118 iro
811 4067 830 4130 1,
849 4067 891 4119 ta.
913 4069 936 4126 l.
954 4068 982 4122 3.

283 4157 320 4222 (3)
338 4157 380 4211 cl.
398 4157 434 4210 llc
449 4157 541 4223 clem,
559 4158 592 4221 ll,
609 4159 637 4209 ὅ.
656 4158 714 4210 iet
728 4158 756 4208 3.
