3062 4942
675 621 891 695 -tut-

289 793 504 865 omnemque
532 793 671 865 ponens
699 775 945 849 auctoritatem
976 797 1079 849 suam
1110 784 1144 850 et
1166 779 1301 869 mejes-

289 906 398 972 totcm
427 901 621 992 imperator
649 900 684 970 iu
716 899 842 971 oidoiis
877 902 962 973 civis
995 903 1193 993 eripiendis,
1218 923 1297 976 cum

288 1042 411 1096 amore
440 1043 581 1096 summo
627 1030 662 1096 et
701 1023 933 1096 devotissime
963 1026 1115 1115 pietate:
1163 1026 1301 1098 «Dixit

288 1147 433 1238 uliquis,
455 1148 585 1238 iuquit,
607 1149 832 1219 ooorissimo
864 1149 948 1220 urbs
969 1148 1149 1240 Cecropis,
1182 1169 1243 1222 cur
1262 1158 1300 1222 tu

287 1293 359 1344 uou
380 1273 501 1344 dicus:
521 1274 742 1344 ocorissimo
762 1273 847 1344 urbs
869 1276 990 1363 magui
1004 1274 1129 1346 doris?
1158 1302 1172 1339 ι

334 1397 375 1468 Et
395 1399 472 1488 ipso
503 1398 657 1469 instituit
674 1397 748 1470 Deo
784 1418 915 1470 morem
948 1399 1144 1488 gerendum
1165 1406 1200 1471 et
1229 1401 1298 1490 legi

285 1542 367 1613 quae
383 1521 516 1593 mundo
535 1523 630 1594 inest
647 1541 687 1594 uc
708 1529 858 1614 praeest:
881 1523 1013 1614 quippe
1029 1524 1089 1613 qui
1111 1524 1178 1596 sibi
1193 1525 1300 1596 iuter-

286 1647 480 1720 dixeritne
509 1647 705 1736 quidquam
729 1648 830 1718 aliter
859 1667 900 1718 oc
917 1647 1063 1719 Justitiu
1083 1649 1162 1739 ipsu
1189 1649 1297 1740 pertr-

286 1769 455 1867 ceret(t).
479 1771 592 1843 lmmo
612 1772 649 1843 id
684 1772 909 1844 solummodo
948 1792 1011 1863 per
1045 1779 1155 1844 totum
1189 1775 1295 1846 ritum

286 1896 470 1987 proposuit
500 1896 648 1967 humaui
678 1896 820 1984 generis
850 1895 1012 1967 societati
1048 1897 1220 1986 prodesse
1255 1916 1297 1969 uc

283 2020 501 2111 reipublice.
527 2019 568 2091 Et
592 2020 669 2110 ipse
704 2019 755 2090 sic
793 2021 974 2092 existimet
1003 2021 1185 2094 homiuem
1215 2041 1296 2094 esso

284 2145 415 2216 sociale
432 2144 590 2231 euimel;
614 2144 700 2233 quio
721 2145 827 2216 etiam
846 2145 986 2234 quoties
1000 2146 1143 2237 respicit
1163 2165 1201 2218 se
1215 2165 1296 2220 esso

284 2269 482 2340 membrum
515 2269 624 2340 totius
654 2270 811 2359 corporis
850 2288 892 2340 ex
937 2269 1105 2342 omuibus
1146 2271 1294 2342 rationis

282 2393 516 2484 participibus
546 2393 815 2478 constitutine
839 2413 960 2465 secum
1003 2401 1164 2486 reputat:
1210 2421 1225 2460 ι
1256 2396 1291 2466 Si

282 2518 506 2590 solummodo
522 2537 606 2608 pers
623 2536 703 2590 esse
722 2517 824 2606 dicis,
844 2537 915 2589 nou
935 2537 1018 2608 ergo
1034 2518 1152 2591 adhuc
1176 2521 1295 2592 homi-

282 2662 347 2715 ues
368 2643 486 2732 diligis
503 2661 546 2740 ex
561 2642 681 2712 animo
700 2639 761 2736 (⁰2).
791 2671 806 2706 »
841 2642 1032 2716 Universos
1064 2645 1158 2716 euim
1180 2645 1295 2716 lromi-

283 2787 348 2840 ues
375 2767 595 2858 judicotsihi
622 2773 810 2856 cognatos,
833 2787 904 2839 uon
936 2769 1113 2858 sanguiue
1147 2769 1292 2858 quidem

283 2893 507 2982 coniunctos,
530 2890 595 2962 sed
614 2898 758 2982 propter
787 2891 823 2962 id
853 2893 970 2983 ipsum
1000 2892 1097 2983 quod
1130 2893 1292 2983 eiusdem

283 3017 430 3089 rationis
469 3016 659 3106 participes
694 3012 764 3110 (3):
794 3016 862 3087 hoc
895 3022 1033 3088 tautum
1065 3023 1176 3104 ratus,
1207 3019 1293 3108 quia

281 3143 475 3232 imperator
515 3146 583 3227 est,
630 3139 701 3211 dux
737 3140 844 3212 etiam
884 3141 1034 3232 praeberi
1069 3142 1290 3231 homiuibus,

282 3264 584 3359 quemadmodum
606 3266 722 3336 sotem
738 3265 837 3354 gregi
855 3284 919 3336 suo
936 3266 1029 3338 eries
1048 3274 1083 3338 et
1102 3273 1239 3339 taurus.
1298 3323 1300 3326 .

331 3389 402 3462 Sed
445 3390 625 3481 quomodo
670 3410 813 3480 gregem
856 3391 964 3464 ducat
1016 3400 1178 3483 uterque,
1226 3394 1292 3466 hoc

282 3515 458 3588 dissident
504 3513 641 3587 Seuecu
689 3521 796 3606 etque
850 3516 896 3589 M.
928 3515 1115 3588 -Auretius
1167 3515 1286 3589 Auto-

281 3659 401 3711 mous.

312 3969 349 4034 (1)
366 3973 432 4042 Πρὸς
446 3969 548 4034 ἑαυτὸν,
565 3971 620 4031 ΧΗ,
636 3970 676 4021 st.

312 4059 346 4121 (ἢ)
363 4057 419 4120 vll,
436 4059 474 4109 13.

313 4148 347 4214 (3)
363 4147 417 4209 xil,
435 4148 484 4209 sc;
503 4148 556 4206 vlt,
576 4149 616 4198 13.
