3080 4948
628 606 823 680 ...25-

218 764 353 836 inimici
373 761 518 835 Senecae
553 761 589 833 111
620 761 738 852 ipsum
768 778 991 833 concessere.
1018 759 1225 835 Schillerius

218 889 328 975 enim,
353 895 391 960 ot
421 888 584 978 ereorplo
612 893 694 958 utar
714 882 775 980 (l),
797 885 910 958 leliois
942 904 985 957 ae
1009 887 1088 978 puri
1108 889 1231 960 smoull

220 1032 320 1106 spem
337 1032 433 1088 anno
448 1011 629 1103 superiore
641 1010 686 1082 ab
700 1010 868 1082 omnibus
892 1016 1101 1103 conceptam
1116 1031 1232 1103 usque

220 1138 256 1209 in
303 1156 437 1209 annom
472 1137 518 1208 55
561 1135 761 1227 perstitisse
807 1136 961 1223 censuit,
998 1135 1129 1228 quippe
1172 1137 1233 1226 qui
1297 1121 1301 1128 ’

220 1261 352 1334 Neroni
379 1263 416 1333 in
450 1260 603 1332 Parthos
626 1260 718 1332 bene
747 1258 948 1350 providenti
967 1261 1231 1352 quamprimum

221 1387 374 1458 maxime
401 1387 578 1458 laventem
609 1385 759 1456 Romam
790 1391 925 1472 narret,
961 1404 1079 1475 neque
1111 1385 1232 1458 minus

220 1509 367 1583 Senecae
400 1509 444 1581 de
473 1509 662 1581 clementia
697 1507 866 1586 scribenti
887 1509 1078 1601 optimates
1103 1528 1232 1582 assen-

221 1636 283 1708 tire
321 1635 487 1707 fateatur.
511 1632 588 1718 Quo
614 1633 709 1705 enim
730 1638 835 1724 pacto
857 1632 1058 1706 abnuerent
1078 1634 1231 1724 gratiam

219 1760 424 1851 optimates,
442 1760 472 1831 si
503 1759 648 1849 quidem
678 1759 715 1829 in
752 1758 809 1830 bis
844 1758 945 1830 libris
979 1759 1030 1831 sic
1059 1764 1231 1832 statutum

220 1891 288 1974 est,
316 1903 362 1956 ne
392 1884 472 1975 quis
501 1884 556 1955 rel
576 1883 832 1973 coniurationis
860 1901 1006 1974 poenam
1028 1875 1234 1956 mortelue-

222 2015 288 2098 ret,
304 2009 414 2081 immo
430 2009 494 2080 boc
512 2008 630 2080 laudis
649 2007 781 2080 Neroni
800 2007 970 2079 tributum
987 2008 1084 2099 quod
1098 2009 1234 2081 nullam

222 2140 294 2206 toto
324 2134 410 2206 orbe
436 2133 571 2205 cruoris
600 2133 763 2222 humani,
786 2131 822 2204 id
849 2139 904 2205 ost
930 2134 1101 2205 senatorii
1134 2143 1236 2238 cruo-

222 2260 284 2345 111,
317 2258 476 2330 misisset
496 2259 659 2329 stillam?
1135 2267 1139 2272 '

270 2383 394 2474 Neque
419 2383 489 2455 alio
520 2390 624 2474 pacto
660 2380 763 2455 Corn.
799 2383 942 2455 Tacitus
978 2383 1022 2456 de
1052 2384 1158 2456 annis
1187 2385 1234 2456 tl

220 2515 254 2581 ol
283 2508 344 2596 55,
376 2507 473 2599 quod
504 2508 649 2598 quidem
678 2508 724 2580 od
760 2505 911 2581 Parthos
945 2509 1113 2599 pertinet,
1143 2528 1234 2581 nar-

220 2634 308 2705 ravit
329 2630 388 2728 (11,
410 2632 489 2706 Jam
508 2632 644 2704 delecto
662 2632 834 2704 adversus
850 2631 1003 2706 Parthos
1019 2631 1232 2724 Corbulone,

218 2758 336 2830 virtuti
352 2776 394 2829 ac
409 2756 544 2829 meritis
561 2757 606 2828 ad
629 2758 786 2829 bonores
803 2758 981 2849 patefacta
1012 2758 1068 2830 vla
1091 2759 1235 2832 videba-

219 2889 288 2971 tur,
308 2882 622 2974 philosophisque,
645 2889 683 2954 ut
705 2883 754 2953 ilc
784 2882 916 2971 dicam,
941 2882 987 2954 ad
1004 2901 1152 2973 regnum
1170 2881 1232 2979 (3).

217 3007 260 3078 El
293 3007 436 3096 quidem
463 3007 634 3098 prolecto,
656 3007 741 3096 quia
768 3005 891 3079 Partiri
917 3007 1131 3095 discessere,
1158 3009 1234 3080 ela-

219 3131 290 3203 tius
310 3131 542 3222 inflatiusque
558 3151 616 3204 res
634 3132 731 3203 lama
746 3131 959 3222 percrebuit.
979 3131 1232 3221 Nihilominus

219 3255 319 3328 initio
341 3256 472 3346 dialogi
507 3256 549 3327 de
572 3257 777 3355 clementio,
818 3256 950 3328 Caesari
991 3274 1122 3328 munus
1151 3275 1233 3330 vere

252 3557 284 3621 (ι)
307 3554 354 3622 op.
375 3558 430 3619 cu„
445 3570 472 3622 p.
489 3555 639 3608 1111111111.

180 3699 182 3704 .
252 3654 284 3718 (2)
304 3655 388 3715 nom,
403 3654 471 3716 ltili,
483 3655 511 3706 a:
529 3675 540 3700 o
552 3655 625 3717 Quae,
637 3653 663 3704 in
675 3652 741 3705 alios
755 3625 881 3705 consules
897 3665 1017 3718 egressa,
1033 3652 1167 3718 coniunxi.
1184 3673 1235 3700 »-

222 3733 260 3785 ur.
277 3734 349 3785 nnn.
368 3734 435 3785 xnr.
449 3737 473 3797 7,
488 3735 513 3786 a.

253 3832 286 3896 (3)
306 3833 368 3882 Ern.
393 3832 478 3883 liavet
491 3831 537 3892 (Le
564 3830 771 3884 Olorisllonisme
791 3833 815 3882 et
836 3844 874 3884 ses
897 3831 1025 3896 criptum,
1050 3830 1235 3893 l'Helltm'sme,

222 3914 242 3962 1.
258 3912 290 3974 ll,
303 3926 332 3978 p.
350 3912 422 3976 25ill:
441 3932 453 3958 o
470 3912 565 3974 Quand
580 3924 616 3963 on
631 3924 661 3964 se
673 3911 711 3963 iul
722 3911 882 3964 deborrasse
898 3911 931 3964 de
942 3911 1040 3965 Claude
1052 3913 1236 3978 etqueNeron
1346 3969 1348 3974 ,

221 3991 261 4043 iul
275 4005 426 4057 empereur‚
452 3992 468 4043 il
489 3992 592 4044 sombla
610 4005 662 4057 que
684 3992 707 4043 la
731 3991 900 4058 philosophie
916 3991 987 4044 allait
1004 4005 1154 4058 gouverner
1170 4004 1235 4044 avec

221 4072 266 4133 lui,
282 4076 309 4124 ot
332 4085 381 4124 son
397 4073 479 4138 regne
500 4072 539 4124 iul
564 4084 669 4124 comme
698 4071 827 4136 inaugure
845 4086 894 4137 par
918 4072 942 4124 le
962 4073 1048 4126 Traite
1069 4073 1101 4124 de
1129 4073 1157 4124 lo
1180 4073 1236 4125 011-

220 4165 319 4204 mence.
330 4172 343 4197 »
