3080 4948
286 1249 370 1350 Sed,
405 1281 443 1336 re
461 1281 559 1350 uera,
581 1263 651 1334 alia
674 1261 787 1334 latent
804 1285 812 1334 :
832 1279 914 1354 quae
932 1260 1112 1352 requirere
1128 1266 1196 1335 est.

239 1481 241 1488 Ι
284 1385 462 1473 Quoniam
492 1387 586 1464 euim
621 1385 668 1458 ad
693 1386 916 1478 principatus
931 1385 1072 1458 initium
1099 1403 1167 1457 vox
1186 1385 1249 1458 illa

235 1512 388 1587 Neronis
403 1512 566 1600 relertur,
574 1511 648 1602 jam
666 1510 755 1584 abiit
774 1510 907 1584 abhinc
926 1515 1023 1583 totus
1041 1528 1161 1582 annus
1182 1509 1246 1592 55.

234 1623 343 1730 dtqui
370 1636 567 1710 Britannici
582 1636 767 1710 interitum
786 1636 894 1720 etiam
916 1636 947 1710 si
978 1653 1085 1728 paene
1113 1634 1250 1708 nullius

235 1761 516 1856 perturbationis
540 1759 695 1853 public-m
715 1761 826 1834 luisse
858 1760 1043 1850 existimes
1076 1756 1143 1854 (l),
1164 1765 1252 1852 quot

236 1888 274 1961 iu
301 1885 483 1960 Caesarum
513 1885 621 1960 domo
654 1885 863 1958 discrimina
894 1903 959 1977 per
990 1883 1079 1958 illud
1110 1883 1251 1956 lacinus

238 2011 432 2106 suspiceris
447 2011 643 2100 exstitisse,
662 2015 749 2102 quot
764 2010 882 2084 minas
898 2008 1110 2100 turbasque,
1125 2028 1252 2102 quam-

238 2153 307 2244 que
329 2136 525 2238 instantem
544 2134 677 2224 adbuc,
694 2139 836 2226 patrato
857 2134 1006 2223 scelere,
1031 2133 1248 2225 procellam!

238 2259 361 2352 Neque
380 2260 547 2352 cuiquam
572 2259 611 2334 L.
643 2259 803 2334 Annaeus
828 2259 1134 2334 claudestiuarum
1155 2258 1252 2331 illius

239 2379 333 2461 aulae
364 2387 493 2461 artium
521 2387 670 2476 ignaros
690 2384 803 2458 luisse
832 2384 1021 2460 ridebitur.
1038 2383 1112 2456 Erit
1128 2383 1251 2474 igitur,

239 2513 276 2586 iu
307 2512 450 2604 dialogo
479 2510 610 2584 Neroni
627 2507 759 2590 Caesari
775 2510 907 2598 dicato,
938 2510 1005 2582 orit
1031 2508 1128 2600 qood
1154 2527 1255 2600 pers-

239 2638 354 2730 picias
383 2637 488 2728 quasi
519 2635 799 2728 interscriptum.
836 2633 1061 2728 Quapropter
1104 2635 1252 2726 legenti,

239 2769 370 2855 praeter
388 2761 486 2835 illam
514 2779 663 2835 causam
685 2760 865 2834 scribendi
886 2760 1020 2852 dialogi
1041 2759 1147 2834 modo
1166 2761 1257 2832 alla-

241 2895 328 2972 tam,
364 2886 457 2959 alius
492 2885 600 2960 etiam
622 2903 744 2958 causae
772 2884 871 2958 subit
895 2885 1114 2976 conjectura.

290 3011 505 3102 Priusquam
535 3018 654 3084 autem
690 3010 736 3083 ad
755 3011 869 3102 illam,
890 3011 1062 3084 incertam
1092 3011 1253 3104 quidem,
1371 2993 1374 2998 ’

242 3144 488 3226 transeamus
508 3135 661 3210 breviter
688 3135 748 3208 lrio
767 3135 812 3210 de
832 3136 938 3209 certis
957 3135 1148 3209 disseram.

278 3659 310 3723 (l)
326 3659 388 3711 Tac.
404 3659 474 3711 Anu.
491 3659 558 3722 lllll,
577 3659 621 3710 l'l:
638 3679 651 3705 o
668 3657 804 3710 ...lacinus
819 3657 861 3710 cui
879 3657 1000 3726 plerique
1025 3659 1105 3715 eliam
1120 3657 1260 3712 bominum

241 3736 432 3828 ignoscebant,
455 3739 579 3805 antiquas
605 3740 717 3792 fratrum
738 3738 888 3792 discordias
913 3743 940 3792 et
968 3738 1123 3792 insociabile
1146 3751 1261 3805 regnum

247 3823 476 3965 disglnnnnnelnhnm
491 3899 594 3953 facinus
608 3912 680 3953 nunc
699 3899 756 3952 lere
765 3899 854 3951 nullus
869 3899 971 3965 estqui
985 3901 1055 3953 iuter
1068 3899 1148 3952 dubia
1163 3902 1257 3965 ponat.

249 3979 291 4044 (ll.
310 3979 439 4041 Schiller„
456 3979 547 4034 ilescd.
566 3981 595 4032 d.
614 3994 688 4032 reem.
706 3979 827 4032 Kaiserr.
842 3981 924 4031 anter
944 3980 993 4031 der
1017 3980 1117 4045 depier.
1138 3980 1166 4031 d.
1181 3977 1262 4042 Nero,

249 4072 278 4122 p.
296 4059 337 4120 97,
354 4062 409 4111 not.
432 4060 459 4113 8.
480 4087 510 4096 -
534 4061 620 4112 Berol.
645 4059 812 4124 Weidmanu‚
830 4059 905 4124 18723
922 4060 1001 4112 etiam
1019 4060 1048 4111 V.
1067 4061 1166 4124 buruy,
1192 4057 1260 4111 llist.

249 4147 293 4198 des
308 4147 442 4212 llomut'ns,
458 4149 556 4213 Neron,
571 4163 598 4215 p,
613 4149 669 4213 loo,
685 4149 777 4200 adnot.
791 4148 817 4212 2)
