3080 4948
649 641 883 724 -3”Ι--Δ

239 803 389 891 apparet
416 813 663 889 quoscumque
679 794 779 886 juvat
796 795 1000 885 respublica
1044 798 1252 868 constanter

240 926 355 1014 gesta.
383 921 513 1013 Atque,
541 927 581 993 ut
607 919 770 1011 exemplo
794 924 888 1008 utar,
916 919 1036 1010 legere
1074 925 1129 992 est
1168 938 1252 1010 gra-

238 1065 316 1120 vem
336 1046 435 1119 illam
458 1046 505 1120 M.
537 1043 641 1116 Tullii
661 1044 708 1115 ad
736 1041 906 1129 Quintum
925 1045 1138 1136 epistulam:
1180 1063 1252 1135 qua

237 1171 443 1245 conditione
486 1171 606 1258 liceat,
633 1169 744 1241 immo
780 1169 947 1262 expediat
981 1169 1251 1260 magistratibus

235 1297 368 1389 justam
404 1304 439 1369 et
464 1295 532 1370 sihi
565 1301 789 1368 constantem
821 1300 993 1387 praestare
1026 1294 1249 1367 severitatem

236 1421 295 1495 hic
312 1420 506 1494 doceamur
531 1419 592 1516 (l).

284 2101 388 2177 Nunc
420 2100 518 2174 aliud
533 2103 644 2176 stoice
662 2120 799 2175 sonans
826 2103 863 2174 in
884 2103 1027 2194 dialogo
1046 2103 1249 2175 accuratius

233 2227 351 2318 placet
380 2227 575 2319 inspicere;
605 2246 734 2319 nempe
751 2233 944 2319 postquam
965 2227 1009 2300 de
1039 2228 1248 2300 crudelitate

234 2351 324 2424 satis
341 2351 510 2424 disseruit
538 2351 577 2422 L.
608 2350 780 2441 Annaeus,
815 2353 1043 2424 clementiam
1072 2351 1116 2424 de
1137 2352 1247 2423 mise-

233 2477 387 2550 ricordia
407 2495 594 2550 secernere
610 2496 805 2568 aggressus
834 2484 889 2550 est
909 2474 969 2574 (2).
991 2476 1061 2551 Sed
1090 2496 1160 2568 quo
1177 2481 1248 2549 cla-

234 2601 308 2674 rius
353 2602 448 2674 hanc
490 2602 705 2674 sententiam
751 2602 941 2691 illustrem,
970 2603 1017 2677 M.
1050 2603 1154 2674 Tullii
1192 2602 1247 2673 vol

234 2727 389 2820 primum
409 2726 453 2799 de
471 2726 662 2799 clementia
690 2727 906 2800 sententiam
936 2728 1096 2800 alieram.

256 2939 259 2944 ⁴
284 2851 420 2942 Nempe
436 2850 534 2942 apud
550 2851 648 2922 illum
675 2851 787 2923 virum
814 2868 941 2941 graecae
975 2853 1163 2944 sapientiae
1187 2869 1247 2944 pe-

235 2977 342 3049 ritum
364 2976 604 3066 eumdemque
633 2995 793 3049 romanae
817 2984 1013 3065 auctorem,
1036 2977 1174 3069 aliquid
1203 2977 1246 3048 de

234 3102 370 3174 ultione
396 3100 529 3172 dictum
545 3101 700 3192 reperire
728 3101 904 3192 estquod
934 3101 1081 3175 Senecae
1102 3102 1245 3194 placitis
1363 3144 1366 3149 -

233 3227 386 3299 libenter
405 3227 581 3299 conseras.
603 3225 646 3297 Et
656 3226 732 3316 jam
760 3232 868 3298 antea
892 3225 1058 3299 Plautum
1093 3227 1246 3299 Romani

234 3369 374 3424 serrum
404 3352 529 3424 nescio
559 3369 665 3441 quem
710 3350 877 3424 audivere
926 3353 977 3424 sic
1015 3352 1243 3442 loquentem:

239 3502 257 3538 «
282 3474 368 3547 Tam
398 3494 465 3566 ego
499 3476 607 3547 homo
629 3494 707 3547 sum
737 3494 845 3566 quam
874 3482 925 3548 tu.
946 3504 962 3540 »
998 3472 1044 3571 (3)
1063 3474 1179 3566 Atque
1198 3477 1246 3548 ita

266 3755 300 3820 (¹)
317 3753 338 3816 1,
354 3755 379 3806 7·
769 3815 771 3820 .

264 3843 298 3908 (ὲ)
318 3843 351 3894 lle
369 3843 445 3897 cum.
465 3844 497 3907 ll,
512 3845 556 3896 ll:
575 3864 587 3890 «
600 3843 640 3896 Ad
656 3856 714 3897 rem
730 3844 845 3911 pertinet
873 3857 996 3911 quaerore
1022 3845 1075 3898 lroc
1089 3844 1160 3907 loco,
1182 3845 1247 3910 quid

233 3922 268 3975 sit
281 3922 479 3984 misericordia;
494 3924 617 3990 plerique
632 3923 704 3976 enim
720 3928 749 3976 ut
761 3925 885 3976 virtulem
900 3938 960 3977 eam
979 3924 1088 3977 laudant
1102 3927 1130 3978 et
1148 3924 1248 3977 honum

234 4003 485 4060 hominem.vocant
501 4004 714 4057 misericordem.
729 4006 761 4057 Et
775 4005 834 4057 haec
847 4005 938 4058 vitium
953 4006 1033 4058 animi
1049 4009 1099 4058 est.
1119 4027 1129 4050 ι

265 4092 300 4156 (3)
317 4092 441 4156 Asinum,
456 4093 488 4154 ll,
503 4095 526 4146 l.
542 4093 598 4144 lta.
615 4119 646 4132 ·-
662 4092 700 4144 cl.
709 4093 736 4143 F.
758 4093 881 4157 Boissicr,
903 4095 983 4157 liclip.
1005 4108 1084 4155 roric..
1100 4097 1119 4146 t.
1142 4095 1173 4157 ll,
1191 4108 1217 4159 p.
1233 4094 1249 4144 3

234 4172 294 4223 ott.
