3080 4948
638 1382 789 1458 CAPUT
813 1383 845 1459 V

232 1689 274 1741 DE
300 1689 362 1744 IRA
388 1691 575 1758 QUATENUS
603 1693 651 1746 AD
678 1694 908 1748 CLEMENTIAM
943 1695 1135 1765 PERTINET,
1166 1693 1245 1749 SIVE

518 1819 560 1870 DE
584 1819 755 1873 TYRANNO
780 1817 828 1872 AC
853 1819 950 1874 REGE

283 2103 387 2191 Quod
406 2107 551 2198 quidem
581 2065 764 2202 exemplar
794 2109 1001 2199 diligentius
1021 2108 1144 2181 aniuid
1162 2126 1246 2180 con·

234 2233 398 2324 temptari
414 2233 544 2324 placet.

282 2356 388 2448 Atqui
421 2376 493 2428 non
528 2358 636 2429 rniror
669 2377 735 2448 ego
764 2356 939 2430 Senecam
979 2358 1022 2430 de
1055 2357 1246 2431 ciernentia
1347 2428 1354 2436 .

234 2482 437 2574 scripsisse,
459 2487 696 2574 posteaquam
718 2483 762 2555 de
798 2483 851 2554 ira
885 2483 1105 2556 disseruerat
1130 2481 1244 2556 tribus

235 2605 347 2678 tibris.
364 2605 443 2678 utta
459 2607 553 2679 enirn
584 2626 665 2698 quae
697 2607 770 2699 iarn
790 2607 826 2679 in
847 2607 904 2680 his
918 2608 1098 2698 tetigerat,
1129 2607 1244 2678 insius

234 2730 388 2822 explicat
426 2731 463 2801 in
501 2737 622 2804 nostro
656 2731 825 2822 dialogo:
858 2732 929 2802 aiia
966 2738 1092 2804 contra
1122 2731 1246 2805 ieviter

234 2854 440 2946 perstrinxit
478 2862 586 2928 antea
623 2856 697 2947 jani
739 2862 903 2929 tractata.
944 2855 1046 2943 Inde,
1069 2862 1243 2947 quantun

234 2981 342 3055 distet
371 2990 544 3074 tyrannus
579 3001 715 3072 aroge,
747 2981 944 3054 secuudum
977 2980 1151 3054 Senecam
1187 3001 1247 3054 eu-

234 3108 424 3200 planaturo
442 3107 614 3178 nonnulla
630 3107 786 3199 proderit
797 3107 841 3178 de
853 3106 1016 3199 iraprius
1030 3125 1241 3179 memorare.

729 3382 752 3440 1

282 3641 417 3734 Nempe
438 3643 545 3717 etiatn
578 3648 685 3733 atque
704 3643 812 3714 etiam
833 3640 985 3731 Seneca,
1020 3642 1073 3714 set
1092 3642 1248 3714 cternen-

232 3768 318 3840 tiarn
340 3769 529 3862 amplexus
545 3767 690 3858 respicit
705 3767 808 3839 irann.

221 3977 226 3988 Ι
283 3891 423 3983 Diaiogi
461 3893 556 3978 enirn¹
591 3891 708 3981 initio,
738 3891 916 3966 Neronem
949 3892 1090 3965 induxit
1122 3910 1244 3964 secum

233 4017 455 4108 loquentem,
490 4016 730 4106 eumdemque
760 4017 840 4092 riiae
874 4018 1047 4109 necisque
1078 4016 1247 4108 gentibus

235 4142 429 4214 arbitrum:
466 4170 483 4205 o
509 4141 548 4213 lu
569 4143 638 4214 hac
671 4149 773 4214 tanta
793 4141 962 4215 facultate
994 4162 1111 4217 rerum
1138 4168 1175 4229 u,
1196 4137 1248 4230 sic
