3080 4948
643 665 840 736 ..05-

232 815 313 886 ficio
354 816 390 885 in
423 816 538 887 lucem
580 815 733 902 edimur,
778 823 849 887 lum
880 818 964 890 boui
995 839 1103 909 quum
1144 823 1243 892 muli.

231 939 385 1011 Deorum
414 941 535 1030 ilaquc
562 939 630 1011 sibi
647 940 806 1011 animum
839 941 1012 1014 adserens
1030 945 1244 1035 princeps...

231 1063 408 1153 quosdam
451 1083 531 1136 esso
559 1063 729 1154 genuerit,
761 1065 938 1154 quosdam
956 1068 1112 1156 poliatur
1143 1066 1205 1162 (l).
1225 1097 1241 1134 »

286 1214 301 1253 r
331 1187 507 1273 Quoniam
525 1189 679 1260 Deorum
697 1189 762 1261 ieci
780 1191 1012 1274 mentionem,
1031 1193 1163 1282 oplime
1179 1195 1247 1266 hoc

233 1315 435 1404 exemplum
460 1313 609 1404 principi
630 1314 861 1401 consilinum,
884 1315 930 1386 od
946 1315 1042 1406 quod
1062 1317 1243 1402 lormelur‚

232 1444 272 1510 ul
291 1458 329 1510 se
359 1439 466 1510 lolem
497 1457 579 1510 esse
611 1439 746 1510 ciribus
779 1439 905 1528 quales
934 1440 1003 1512 sibi
1032 1439 1118 1512 deos
1148 1443 1244 1513 velit.
1350 1503 1352 1507 ,

231 1562 382 1653 Expedit
404 1563 638 1653 ergohalrere
669 1563 906 1635 inexorabilia
940 1566 1097 1655 peccatis
1137 1573 1245 1657 alque

233 1689 412 1760 erroribus
450 1690 614 1773 numina,
656 1689 799 1780 expedit
844 1708 959 1779 usque
1000 1690 1047 1760 ad
1083 1690 1246 1762 ullimam

232 1812 363 1884 iniusta
380 1814 645 1903 pernicicm‘l...
668 1811 771 1898 Quod
793 1813 821 1884 si
838 1813 894 1884 Dii
921 1814 1117 1904 placabiles
1139 1822 1173 1886 el
1194 1835 1246 1887 re-

233 1937 294 2027 qui
314 1937 444 2009 delicio
465 1938 662 2028 polemium
682 1957 754 2007 non
776 1939 895 2008 sialim
927 1939 1136 2009 lulminilrus
1166 1959 1247 2029 per·-

234 2068 448 2151 sequunlur,
483 2068 618 2152 quanio
643 2061 784 2150 aequius
801 2067 856 2132 est
884 2062 1065 2132 hominem
1096 2061 1249 2132 homini-

232 2186 544 2278 busprreposilum
565 2181 1245 2280 miliunimoerercereirnpcr·ium‘?»(d)

289 2339 305 2374 «
331 2311 393 2383 Est
426 2313 494 2382 hoc
523 2330 674 2383 summm
705 2310 964 2399 magnitudinis
995 2311 1145 2381 serrilus
1174 2329 1244 2380 non

233 2455 341 2528 posse
371 2437 447 2507 lieri
468 2437 642 2508 minorem
663 2455 670 2520 ;
691 2435 752 2506 sod
770 2454 849 2505 cum
871 2434 939 2504 diis
961 2435 1022 2504 libi
1047 2436 1247 2505 communis

235 2563 303 2633 isla
332 2563 531 2633 necessitas
549 2566 616 2632 est.
648 2560 736 2630 Nam
760 2560 839 2630 illos
856 2577 1000 2648 quoque
1018 2560 1144 2631 caelum
1166 2559 1246 2628 alli-

234 2693 336 2775 galos
356 2692 464 2773 leuel,
483 2703 548 2756 nec
573 2684 687 2773 magis
704 2685 774 2753 illis
804 2681 1023 2754 descendere
1050 2681 1173 2752 datum
1193 2689 1248 2752 est

235 2829 344 2900 quam
360 2810 620 2892 libilulum;lu
635 2810 719 2879 ilem
734 2807 1084 2896 lasligloluoollrxus
1099 2802 1241 2900 6313).»

281 2934 433 3024 Jamque
449 2953 560 3006 unum
578 2933 694 3004 locum
717 2931 870 3002 addam:

290 3088 306 3124 u
332 3060 405 3132 Nec
425 3061 494 3131 elio
511 3059 631 3130 animo
648 3064 819 3130 rectorem
839 3076 944 3128 suum
972 3057 1129 3128 inluclur
1156 3053 1249 3150 (ciri-

237 3182 305 3280 las)
335 3204 459 3276 quam,
490 3185 521 3257 si
562 3184 610 3255 dii
641 3184 862 3255 immortales
891 3183 999 3253 lolem
1034 3188 1247 3273 poleslulem

236 3310 373 3382 risendi
395 3309 617 3394 mileciam,
651 3306 866 3402 [inlueumur
884 3314 1097 3378 reuerentes
1127 3307 1249 3376 colen-

238 3431 392 3528 resque]
411 3431 504 3518 Quid
533 3434 686 3504 aulem?
716 3450 788 3503 non
810 3431 1009 3522 proximum
1032 3432 1103 3502 illis
1133 3430 1249 3501 locum

235 3566 334 3633 louet
353 3560 383 3630 is
402 3559 463 3648 qui
485 3577 523 3630 se
540 3577 580 3630 ex
612 3558 759 3629 deorum
779 3562 907 3627 namra
937 3559 1040 3647 gem,
1066 3559 1250 3632 beneficus

236 3705 279 3758 ac
308 3687 430 3775 largus
473 3691 507 3756 el
539 3683 575 3754 in
605 3683 733 3755 mellus
772 3684 925 3772 potens?
956 3685 1027 3755 lloc
1068 3685 1249 3771 dilectore,

269 3998 302 4060 (l)
322 3995 354 4048 De
369 3995 461 4056 olon„
475 3995 494 4057 l,
512 3998 538 4047 o.
563 3996 590 4044 7.

269 4087 303 4149 (2)
321 4085 404 4146 leid,
420 4084 441 4146 1,
455 4085 482 4137 i.
503 4088 513 4134 l
533 4083 594 4134 cli.

269 4175 304 4238 (3)
322 4173 356 4226 De
371 4173 462 4238 clem„
478 4173 499 4234 l,
514 4175 538 4222 8.
562 4175 588 4223 3.
