3062 4942
703 567 918 638 -ilb-

347 716 450 802 Quod
470 724 588 789 aulem
610 718 657 789 ad
672 719 938 806 exquisitiorem
963 719 1062 789 iiiam
1083 726 1191 810 atque
1224 721 1308 792 adu-

299 842 456 914 latricem
476 842 655 914 scribendi
675 843 847 914 rationem
870 862 942 932 qua
961 842 1140 916 Neronem
1159 844 1306 934 liberta,

297 967 407 1037 immo
423 963 574 1038 (libonis
593 974 628 1038 et
647 965 857 1038 Senecionis
890 975 1086 1040 amatorem
1101 1067 1103 1071 ,
1118 968 1307 1058 allocutus,
1402 977 1406 984 ‘

297 1091 420 1180 utitur,
441 1091 578 1183 respice
608 1092 681 1181 iam
704 1079 749 1162 'ab
765 1089 916 1181 Augusti
937 1098 1043 1165 aetate
1058 1093 1165 1164 talem
1188 1112 1311 1166 assen-

297 1216 468 1288 tationem
480 1217 590 1288 iuisse
607 1217 790 1304 usitatam,
803 1217 1152 1307 praesertimqunties
1171 1217 1310 1310 publice

297 1341 476 1432 principes
497 1341 592 1428 liioS,
617 1348 816 1433 praesentes
840 1341 984 1432 quidem
1008 1341 1095 1414 deos
1123 1362 1165 1414 ac
1195 1344 1310 1414 mani-

296 1465 423 1555 iestos,
463 1466 598 1554 alioqui
627 1467 796 1556 oportuit.
839 1469 967 1537 Fateor
1008 1466 1175 1556 equidem
1205 1468 1310 1539 nimis

299 1590 478 1680 regiarum
509 1590 680 1661 domuum
700 1597 794 1662 artes
816 1591 980 1676 edoctum
996 1591 1105 1663 videri
1119 1591 1307 1680 Senecam,

298 1714 406 1786 immo
431 1715 694 1787 blandientium
720 1715 848 1787 callere
874 1735 1059 1788 sermones
1082 1723 1190 1807 atque
1212 1736 1312 1789 usur·

296 1858 382 1931 pare
412 1839 523 1911 uitro:
570 1840 805 1912 nibilominus
845 1841 1004 1913 nbiirisci
1040 1860 1105 1913 nec
1138 1843 1309 1933 temporis

296 1964 392 2036 iliius
425 1983 588 2056 possum,
625 1984 742 2056 neque
781 1966 964 2054 religionis
1006 1967 1109 2056 quasi
1141 1967 1308 2057 publicae,

298 2085 574 2179 oequerlugusti
586 2089 740 2175 Larium,
756 2109 873 2179 neque
895 2089 1149 2180 imperatorum
1167 2090 1306 2162 illorum

298 2231 399 2303 pane
419 2210 574 2285 Orientis
596 2231 693 2284 more
729 2212 774 2283 ad
796 2213 883 2285 deos
910 2220 1133 2304 erectorum3
1155 2215 1309 2306 ideoque

295 2337 413 2428 piacet
437 2337 562 2427 judicii
591 2338 770 2409 tristitiam
803 2338 948 2409 ienitate
984 2338 1140 2428 quadam
1175 2339 1326 2411 verbu-⁴

296 2480 373 2533 rum
385 2461 546 2551 mitigare
562 2462 796 2552 ;immoJ'uvat
810 2463 948 2534 eierare
964 2463 1121 2554 cuipam,
1137 2463 1308 2554 illamque

296 2587 593 2665 assentationem.
632 2588 778 2658 nimiam
812 2587 974 2678 quidem,
1000 2594 1038 2660 ut
1072 2595 1234 2679 apparet,
1269 2590 1305 2661 in

295 2711 427 2784 libellis
468 2710 598 2783 Neroni
652 2712 878 2801 singiliatim.
904 2712 1118 2802 publiceque
1164 2713 1304 2785 dicatis.

293 2837 456 2927 lienique
477 2856 556 2909 cum
584 2844 700 2923 sueta,
724 2843 761 2907 ut
777 2838 827 2908 ait
853 2837 995 2907 Tacitus
1016 2835 1077 2931 ii),
1100 2837 1307 2910 adulatione

295 2960 439 3032 Patrum
476 2961 604 3032 laudes
635 2961 730 3050 ilias,
753 2962 847 3033 absit
880 2962 984 3033 rerbo
1007 2963 1154 3049 invidia,
1175 2963 1308 3034 biiron-

294 3094 362 3172 tes,
391 3087 494 3176 quasi
529 3087 637 3158 telum
660 3105 793 3177 anceps
822 3105 888 3158 nec
909 3087 987 3158 sine
1007 3087 1075 3157 ictu
1111 3093 1305 3175 contortas,

294 3211 453 3283 conierre
467 3211 579 3300 jnrat.

344 3335 556 3425 ceteroquin
573 3355 690 3425 operae
712 3337 861 3426 pretinm
881 3344 936 3409 est
955 3338 989 3407 in
1020 3336 1162 3426 dialogo
1186 3343 1305 3407 nostro

295 3462 577 3536 animadvertere
597 3467 745 3535 stoicam
764 3463 909 3535 Senecae
926 3463 1168 3554 disciplinam,
1189 3461 1306 3535 verbis

296 3588 438 3675 duram,
462 3605 497 3658 re
514 3593 714 3675 vergentem
738 3586 782 3656 ad
808 3586 983 3672 lucillam,
1014 3587 1135 3677 qualia
1164 3588 1307 3677 placent

296 3712 590 3802 elegantioribus.
612 3710 736 3800 Neque
757 3710 905 3782 delicias
921 3712 1066 3801 quidem
1086 3711 1309 3801 aspernaba-

296 3837 414 3909 turb.
440 3837 612 3924 AnnaeuS,
641 3833 677 3907 C.
704 3833 845 3908 Caesare
860 3837 1074 3928 imperante,
1098 3853 1305 3926 quanquam

328 4111 363 4172 (ii
381 4106 421 4159 di.
441 4107 526 4169 dnm,
543 4106 612 4169 lilii,
633 4108 669 4158 lii.
686 4134 715 4144 -
730 4107 771 4158 ut.
792 4108 872 4171 ibid,
887 4110 915 4158 8.
