3080 4948
695 614 892 690 „np-

286 771 487 859 au'geantur
514 769 677 855 affectus,
707 770 775 842 hoc
803 768 850 841 ad
886 788 973 851 rem,
1016 775 1125 859 atque
1163 765 1299 842 Seneca

284 895 406 966 omnia
421 899 545 983 argute
566 912 645 966 cum
663 892 788 968 ordine
803 893 1017 967 sicedocet:
1044 920 1060 958 o
1087 893 1148 968 Est
1162 893 1298 984 prinus

282 1025 401 1092 motus
417 1035 488 1090 non
504 1018 739 1104 voluntarius,
761 1018 867 1107 quasi
896 1018 1113 1108 praeparatio
1144 1017 1295 1092 edoctus

282 1148 318 1218 et
345 1141 512 1232 quaedam
532 1141 762 1214 comminatio
792 1135 852 1236 (i).
872 1138 969 1214 diter
996 1160 1076 1214 cum
1106 1142 1288 1216 voluntate

283 1285 355 1340 non
384 1266 601 1352 contumaci,
631 1272 805 1356 tanquam
827 1271 991 1358 oporteat
1018 1284 1076 1340 rne
1106 1265 1294 1354 vindicari,

282 1403 363 1465 cum
385 1391 494 1463 laesus
527 1391 609 1477 sim,
641 1396 704 1462 ant
734 1396 898 1479 oporteat
931 1391 1028 1464 hunc
1047 1409 1176 1482 poenas
1207 1389 1292 1464 dare

285 1534 366 1590 curn
390 1515 509 1590 scelus
535 1514 668 1587 iecerit.
697 1514 836 1586 Tertius
858 1521 976 1588 motus
1005 1515 1147 1605 ostiam
1176 1514 1299 1605 imp0-·

284 1648 394 1729 tens„
410 1639 472 1731 qui
492 1658 564 1718 non
582 1640 611 1712 si
629 1645 781 1730 oportet,
803 1639 927 1712 ulcisci
957 1641 1044 1728 vuit,
1080 1638 1145 1712 sed
1174 1639 1298 1729 utique

286 1766 348 1858 qui
372 1766 547 1838 rationem
585 1763 700 1836 evicit.
734 1761 893 1836 Primum
921 1763 1021 1835 illum
1052 1763 1163 1837 animi
1189 1763 1297 1841 totum

285 1892 442 1980 effugere
461 1889 599 1962 ratione
614 1907 687 1960 non
702 1907 898 1980 possumus
904 1943 977 1963 .....
993 1888 1090 1964 diter
1104 1888 1164 1964 iilo
1180 1894 1297 1964 motus

286 2014 346 2106 qui
364 2013 500 2104 judicio
516 2013 688 2101 nuscitur,
703 2012 838 2101 judicio
855 2012 989 2084 totlitur
1006 2009 1067 2107 (ἢ).
1096 2039 1112 2076 »

334 2831 405 2905 Sed
423 2833 599 2905 hactenus
625 2830 669 2902 de
688 2831 840 2901 affectu:
871 2827 969 2917 qnod
997 2832 1174 2918 superest,
1196 2843 1292 2897 nunc

285 2959 353 3056 noc
369 2976 575 3048 quaeramus
592 2957 627 3027 in
644 2958 871 3046 quoconstet
887 2971 1034 3044 pravum
1054 2951 1143 3023 iitud
1163 2949 1293 3022 mentis

282 3083 472 3174 iudicium,
506 3099 680 3154 assensus
706 3079 779 3166 iiie,
815 3077 994 3168 cupidinis
1025 3075 1138 3166 origo.
1173 3075 1296 3165 Neque

287 3209 383 3280 enim
413 3209 515 3279 aliter
544 3205 656 3280 verba
687 3204 767 3294 ipsa
798 3201 949 3292 intelligi
980 3207 1134 3293 possunt
1166 3199 1297 3291 quibus

286 3339 502 3419 ostentatur,
534 3335 569 3403 et
597 3330 633 3401 in
668 3327 769 3400 libris
801 3327 845 3397 de
878 3326 1082 3413 clementia,
1117 3323 1297 3416 Sapientis

284 3458 418 3548 imago.

286 3565 297 3574 “
336 3581 488 3656 Pratum
506 3581 614 3672 igitur
629 3579 719 3651 ittud
730 3577 904 3668 iudicium
920 3575 1032 3650 oritur
1058 3575 1298 3667 quotiescum·

288 3728 358 3802 que
374 3727 456 3780 vcra
473 3708 570 3782 hona
587 3711 649 3777 aut
665 3723 748 3776 vera
763 3702 860 3774 mala
889 3702 934 3773 ab
949 3699 1236 3774 indifferentibus
1256 3713 1298 3770 ac

319 4055 354 4124 (ί)
372 4056 454 4119 Quam
471 4055 637 4130 προπάθειαν
649 4051 761 4106 vocabat
777 4051 951 4118 Chrysippus.

317 4157 351 4220 (2)
367 4154 403 4208 Dc
416 4155 471 4217 ira,
485 4153 518 4216 ΙΙ,
528 4155 552 4203 i.
564 4153 587 4202 i.
