3062 4942
706 601 899 674 ...88-

297 779 404 850 quam
422 756 567 849 quidem
580 755 704 826 aliene
721 754 828 827 libet:
856 782 873 818 a
889 753 917 828 Ο
935 757 1175 831 miserabilem
1195 760 1311 844 illum,

297 885 365 956 sibi
386 883 499 955 certe!
535 899 619 951 nam
653 880 779 951 ceteris
808 881 968 952 misereri
998 883 1076 972 eius
1107 884 1211 956 nelos
1245 893 1314 970 est,

298 1009 359 1099 qui
379 1007 539 1080 cedibus
561 1023 601 1077 ae
635 1005 770 1093 rapinis
810 1007 1007 1096 potentiam
1037 1010 1214 1095 exercuit,
1245 1009 1312 1098 -qui

298 1137 466 1223 suspecta
501 1129 569 1202 sibi
591 1135 719 1200 cuncta
751 1129 906 1201 reddidit
925 1137 997 1202 tam
1028 1139 1176 1204 externa
1205 1152 1313 1222 quarn

299 1255 510 1340 domestica,
546 1273 625 1324 eum
657 1272 756 1324 arma
802 1260 951 1336 metuat,
988 1255 1034 1325 ad
1067 1275 1169 1327 arma
1196 1258 1317 1328 eoniu-

299 1382 416 1470 giens,
440 1398 513 1450 non
546 1378 740 1448 amicorum
770 1377 854 1448 fidei
881 1379 1045 1465 eredens,
1083 1399 1155 1451 nou
1187 1381 1311 1471 pietati

299 1506 518 1591 liberorum;
551 1504 626 1593 qui,
651 1502 713 1573 ubi
742 1504 1006 1594 circumspexit,
1031 1524 1186 1596 quaeque
1219 1507 1314 1594 lecit,

300 1648 453 1720 quaeque
474 1627 631 1699 lecturus
653 1634 720 1713 est,
749 1634 784 1700 el
814 1629 1075 1707 conscientiam
1091 1649 1209 1701 ‚suam
1236 1631 1317 1720 ple-

299 1774 383 1826 nam
406 1753 600 1825 sceleribus
617 1770 658 1822 ae
677 1753 864 1822 tormentis
885 1752 1087 1843 adaperuit,
1107 1773 1206 1844 saepe
1225 1774 1318 1826 mor·

299 1886 370 1950 tem
391 1879 505 1965 timet,
528 1877 661 1967 saepius
679 1882 791 1966 optat,
824 1877 971 1948 invisior
993 1878 1061 1980 sibi
1098 1897 1208 1968 quam
1233 1899 1317 1950 ser-

301 2003 479 2075 vientibus
509 1998 610 2096 (1).»

351 2125 444 2211 Quid
472 2127 627 2215 denique
656 2132 691 2196 el
719 2127 791 2196 alia
820 2144 1013 2198 memorem
1057 2128 1163 2216 quasi
1193 2147 1326 2219 specu.

302 2252 374 2323 lum
399 2251 517 2323 lutum
538 2249 707 2340 deinceps
727 2249 859 2321 Neroni
882 2251 954 2340 jam
986 2253 1196 2323 ostentata‘.l
1225 2251 1319 2337 Qum

259 2445 261 2450 .
301 2378 452 2449 referam
477 2381 740 2446 «monstrum»
761 2374 901 2446 illudet
926 2403 941 2437 α
957 2376 1117 2448 silvestre
1140 2378 1274 2448 animal
1296 2405 1313 2441 n

303 2521 324 2572 a
344 2502 564 2590 singulorum
584 2499 743 2570 coedibus
761 2500 797 2568 ln
828 2501 935 2572 exitia
962 2501 1121 2588 gentium
1144 2521 1309 2592 serpens,

335 2836 367 2899 (l)
381 2835 415 2885 lle
432 2835 522 2898 clero„
536 2835 556 2896 1,
572 2834 612 2885 13.
627 2834 653 2884 3.

331 2925 405 2976 Plato
420 2924 537 2989 quidem,
552 2927 693 2987 postquam
710 2925 851 2987 tyrannum
866 2921 1054 2986 medicumque
1071 2923 1141 2974 inter
1158 2936 1188 2974 se
1208 2924 1322 2976 eontulit

302 2995 337 3076 (οἱ
358 3007 404 3078 μὲν
428 3007 529 3078 γὰρτὸ
553 3008 687 3076 χείριστον
709 3001 876 3076 ἀφαιροῦντες
899 3003 1019 3056 λείπουσι
1039 3006 1069 3056 τὸ
1090 3002 1239 3077 βέλτιστον,
1259 3002 1320 3058 cdl

301 3084 460 3138 τούναντίον.
473 3112 512 3120 -
524 3091 628 3148 Helos„
641 3083 705 3144 vill,
721 3083 789 3144 567),
806 3081 884 3132 simili
899 3081 980 3133 modo
996 3083 1101 3134 conseri
1114 3088 1320 3158 τυραννουμένην

300 3166 376 3218 πόλιν
392 3167 453 3238 πρὸς
466 3161 682 3237 βασιλευομένην,
693 3166 719 3214 el
733 3160 826 3215 dodico
839 3164 918 3213 vocal
933 3165 1085 3226 tyrannum,
1098 3165 1211 3228 ejusque
1227 3165 1317 3216 animo

301 3244 408 3309 penitus
425 3244 589 3308 introspeolo
607 3244 666 3294 haeo·
683 3241 778 3294 addit:
799 3261 811 3286 n
828 3245 872 3294 κατ’
891 3239 969 3315 ου’ὅον
988 3245 1071 3314 γέμων
1091 3241 1139 3297 διὰ
1158 3247 1254 3306 παντὸς
1273 3251 1319 3296 τοῦ

300 3321 359 3397 βιοῦ
382 3321 544 3397 σφαάασμῶν
570 3343 596 3376 τε
618 3327 662 3376 καὶ
677 3320 773 3375 ὀδυνῶν
795 3322 905 3394 πλήρης.
926 3340 938 3365 n
958 3321 1047 3385 (ibid,
1065 3323 1134 3386 576.)
1150 3352 1180 3360 -
1197 3324 1234 3375 di.
1251 3325 1315 3375 580:

304 3419 317 3452 ἵ
333 3406 456 3476 Φθονὲρῳ,
473 3402 587 3476 ἀπίστῳ,
601 3400 694 3475 ἀδίκῳ,
710 3400 802 3474 ἀφίλῳ,
817 3400 923 3473 ἀνοσίῳ,
939 3406 1019 3456 καὶ..,
1039 3401 1065 3466 ἐξ
1081 3402 1203 3456 ἁπάντων
1217 3407 1316 3456 τούτων

299 3485 417 3556 μάλιστα
435 3486 481 3557 μὲν
499 3483 566 3556 αὐτῷ
586 3481 717 3554 δυστυχεῖ
734 3481 812 3546 εἶναι,
830 3481 920 3534 ἔπειτα
934 3478 964 3534 ‹ll
983 3485 1026 3536 καὶ
1041 3486 1100 3544 τοὺς
1116 3487 1231 3544 πλήσιον
1249 3484 1317 3556 αὐτῷ

299 3565 432 3626 τοιούτους
451 3562 656 3637 ἀπεργάζεσθαι.
681 3579 696 3610 ll

331 3663 362 3712 Et
378 3663 482 3713 Tacitus
500 3661 615 3712 Platonis
629 3661 763 3726 dialogum
781 3672 889 3724 quoque
906 3660 950 3722 cui
967 3659 1079 3724 (ἔννοιαν
1096 3660 1248 3714 inscribitur
1261 3675 1316 3714 rne-

299 3742 412 3793 moravil
426 3742 459 3794 de
476 3741 555 3807 longa
570 3741 614 3792 illa
630 3741 725 3792 Tiberii
738 3739 864 3805 epistola:
879 3759 891 3784 «
904 3739 978 3791 Adeo
996 3741 1114 3792 l'nelnora
1127 3745 1207 3807 alque
1219 3743 1316 3809 llagltla

299 3833 348 3873 sua
362 3822 412 3887 ipsi
427 3835 534 3888 quoque
552 3822 577 3872 in
595 3821 753 3886 supplicium
769 3823 916 3872 verterant.
931 3821 1023 3885 Neque
1043 3822 1139 3874 frustra
1154 3823 1318 3888 praestantis·

299 3902 383 3953 simus
406 3903 544 3968 sapientiae
572 3903 677 3953 firmare
702 3901 797 3960 solitus
824 3901 918 3960 estpsr
944 3901 1116 3953 recludantur
1142 3907 1315 3968 tyrannorum

299 3985 413 4043 mentes,
428 3995 509 4047 posse
524 3981 666 4046 adspicere
682 3980 795 4032 laniatus
810 3983 837 4030 et
849 3979 936 4040 ictus;
953 3981 1070 4045 quando,
1086 3985 1115 4033 ut
1131 3995 1244 4047 corpora
1260 3983 1316 4036 vul-

298 4060 416 4124 neribus,
433 4061 466 4112 ita
482 4061 592 4122 saevitia,
609 4060 726 4121 libidine,
743 4059 819 4110 malis
837 4059 976 4121 consultis,
994 4061 1099 4112 animus
1115 4061 1283 4113 dilaceretur.

299 4141 395 4203 (dom,
414 4140 455 4201 Vl,
470 4142 504 4203 6.)
