<?xml version="1.0" encoding="UTF-8"?>
<!DOCTYPE html PUBLIC "-//W3C//DTD XHTML 1.0 Transitional//EN"
    "http://www.w3.org/TR/xhtml1/DTD/xhtml1-transitional.dtd">
<html xmlns="http://www.w3.org/1999/xhtml" xml:lang="en" lang="en">
 <head>
  <title>
</title>
<meta http-equiv="Content-Type" content="text/html;charset=utf-8" />
  <meta name='ocr-system' content='tesseract 3.04.00' />
  <meta name='ocr-capabilities' content='ocr_page ocr_carea ocr_par ocr_line ocrx_word'/>
</head>
<body>
  <div class='ocr_page' id='page_1' title='image "./quiddeclementia00dorigoog_0136.png"; bbox 0 0 3062 4942; ppageno 0'>
   <div class='ocr_carea' id='block_1_1' title="bbox 229 585 1306 3702">
    <p class='ocr_par' dir='ltr' id='par_1_1' title="bbox 631 585 847 668">
     <span class='ocr_line' id='line_1_1' title="bbox 631 585 847 668; baseline 0 0"><span class='ocrx_word' id='word_1_1' title='bbox 631 636 677 649; x_wconf 94' lang='lat'>-</span> <span class='ocrx_word' id='word_1_2' title='bbox 704 585 772 668; x_wconf 71' lang='lat' dir='ltr'>lai</span> <span class='ocrx_word' id='word_1_3' title='bbox 801 635 847 648; x_wconf 99' lang='lat'><em>-</em></span> 
     </span>
    </p>

    <p class='ocr_par' dir='ltr' id='par_1_2' title="bbox 229 747 1254 2208">
     <span class='ocr_line' id='line_1_2' title="bbox 234 747 1243 838; baseline -0.004 -14"><span class='ocrx_word' id='word_1_4' title='bbox 234 750 418 824; x_wconf 88' lang='lat' dir='ltr'>babeatin</span> <span class='ocrx_word' id='word_1_5' title='bbox 438 749 570 832; x_wconf 88' lang='lat' dir='ltr'>animo,</span> <span class='ocrx_word' id='word_1_6' title='bbox 596 748 786 838; x_wconf 87' lang='lat' dir='ltr'>significat,</span> <span class='ocrx_word' id='word_1_7' title='bbox 812 753 846 819; x_wconf 87' lang='lat' dir='ltr'>el</span> <span class='ocrx_word' id='word_1_8' title='bbox 863 748 967 837; x_wconf 86' lang='lat' dir='ltr'>quasi</span> <span class='ocrx_word' id='word_1_9' title='bbox 984 747 1095 837; x_wconf 79' lang='lat' dir='ltr'>digito</span> <span class='ocrx_word' id='word_1_10' title='bbox 1129 749 1243 820; x_wconf 91' lang='lat' dir='ltr'>semel</span> 
     </span>
     <span class='ocr_line' id='line_1_3' title="bbox 236 866 1241 967; baseline -0.005 -18"><span class='ocrx_word' id='word_1_11' title='bbox 236 883 343 967; x_wconf 85' lang='lat' dir='ltr'>atque</span> <span class='ocrx_word' id='word_1_12' title='bbox 362 876 490 947; x_wconf 88' lang='lat' dir='ltr'>iterum</span> <span class='ocrx_word' id='word_1_13' title='bbox 519 874 647 962; x_wconf 88' lang='lat' dir='ltr'>tangit,</span> <span class='ocrx_word' id='word_1_14' title='bbox 682 879 721 944; x_wconf 91' lang='lat' dir='ltr'>ut</span> <span class='ocrx_word' id='word_1_15' title='bbox 751 866 835 944; x_wconf 86' lang='lat' dir='ltr'>illoc</span> <span class='ocrx_word' id='word_1_16' title='bbox 869 879 1056 944; x_wconf 85' lang='lat' dir='ltr'>convertat.</span> <span class='ocrx_word' id='word_1_17' title='bbox 1089 873 1241 962; x_wconf 89' lang='lat' dir='ltr'>legentis</span> 
     </span>
     <span class='ocr_line' id='line_1_4' title="bbox 229 996 1246 1087; baseline -0.004 -14"><span class='ocrx_word' id='word_1_18' title='bbox 229 1001 372 1086; x_wconf 85' lang='lat' dir='ltr'>oculos,</span> <span class='ocrx_word' id='word_1_19' title='bbox 404 1018 471 1071; x_wconf 89' lang='lat' dir='ltr'>nec</span> <span class='ocrx_word' id='word_1_20' title='bbox 502 1005 623 1071; x_wconf 89' lang='lat' dir='ltr'>tamen</span> <span class='ocrx_word' id='word_1_21' title='bbox 655 998 760 1087; x_wconf 90' lang='lat' dir='ltr'>plane</span> <span class='ocrx_word' id='word_1_22' title='bbox 796 996 965 1069; x_wconf 79' lang='lat' dir='ltr'>declaret.</span> <span class='ocrx_word' id='word_1_23' title='bbox 1005 996 1146 1069; x_wconf 80' lang='lat' dir='ltr'>Scilicet</span> <span class='ocrx_word' id='word_1_24' title='bbox 1179 998 1246 1069; x_wconf 92' lang='lat' dir='ltr'>snb</span> 
     </span>
     <span class='ocr_line' id='line_1_5' title="bbox 234 1120 1249 1217; baseline -0.003 -20"><span class='ocrx_word' id='word_1_25' title='bbox 234 1125 375 1217; x_wconf 76' lang='lat' dir='ltr'>tyranni</span> <span class='ocrx_word' id='word_1_26' title='bbox 394 1123 611 1214; x_wconf 84' lang='lat' dir='ltr'>principatu,</span> <span class='ocrx_word' id='word_1_27' title='bbox 641 1121 775 1211; x_wconf 79' lang='lat' dir='ltr'>duplici</span> <span class='ocrx_word' id='word_1_28' title='bbox 797 1120 903 1193; x_wconf 93' lang='lat' dir='ltr'>modo</span> <span class='ocrx_word' id='word_1_29' title='bbox 924 1121 1129 1212; x_wconf 80' lang='lat' dir='ltr'>scriptores,</span> <span class='ocrx_word' id='word_1_30' title='bbox 1161 1121 1249 1212; x_wconf 84' lang='lat' dir='ltr'>quid</span> 
     </span>
     <span class='ocr_line' id='line_1_6' title="bbox 235 1246 1251 1336; baseline -0.005 -15"><span class='ocrx_word' id='word_1_31' title='bbox 235 1250 407 1335; x_wconf 92' lang='lat' dir='ltr'>sentiant,</span> <span class='ocrx_word' id='word_1_32' title='bbox 435 1266 508 1319; x_wconf 92' lang='lat' dir='ltr'>uno</span> <span class='ocrx_word' id='word_1_33' title='bbox 530 1246 729 1335; x_wconf 85' lang='lat' dir='ltr'>eodemque</span> <span class='ocrx_word' id='word_1_34' title='bbox 746 1250 905 1336; x_wconf 90' lang='lat' dir='ltr'>tempore</span> <span class='ocrx_word' id='word_1_35' title='bbox 922 1246 1059 1336; x_wconf 87' lang='lat' dir='ltr'>aperire</span> <span class='ocrx_word' id='word_1_36' title='bbox 1089 1252 1124 1318; x_wconf 93' lang='lat' dir='ltr'>et</span> <span class='ocrx_word' id='word_1_37' title='bbox 1143 1247 1251 1317; x_wconf 92' lang='lat' dir='ltr'>simul</span> 
     </span>
     <span class='ocr_line' id='line_1_7' title="bbox 236 1353 1250 1464; baseline -0.005 -19"><span class='ocrx_word' id='word_1_38' title='bbox 236 1373 374 1464; x_wconf 86' lang='lat' dir='ltr'>operire</span> <span class='ocrx_word' id='word_1_39' title='bbox 394 1371 549 1458; x_wconf 89' lang='lat' dir='ltr'>callent;</span> <span class='ocrx_word' id='word_1_40' title='bbox 580 1389 643 1442; x_wconf 93' lang='lat' dir='ltr'>seu</span> <span class='ocrx_word' id='word_1_41' title='bbox 672 1353 838 1460; x_wconf 90' lang='lat' dir='ltr'>premant</span> <span class='ocrx_word' id='word_1_42' title='bbox 873 1371 1104 1459; x_wconf 86' lang='lat' dir='ltr'>senientiam,</span> <span class='ocrx_word' id='word_1_43' title='bbox 1140 1369 1250 1442; x_wconf 83' lang='lat' dir='ltr'>Taciti</span> 
     </span>
     <span class='ocr_line' id='line_1_8' title="bbox 236 1495 1251 1586; baseline -0.002 -18"><span class='ocrx_word' id='word_1_44' title='bbox 236 1497 360 1582; x_wconf 91' lang='lat' dir='ltr'>instar,</span> <span class='ocrx_word' id='word_1_45' title='bbox 385 1502 420 1568; x_wconf 91' lang='lat' dir='ltr'>et</span> <span class='ocrx_word' id='word_1_46' title='bbox 439 1514 543 1586; x_wconf 90' lang='lat' dir='ltr'>paene</span> <span class='ocrx_word' id='word_1_47' title='bbox 560 1495 776 1586; x_wconf 86' lang='lat' dir='ltr'>opprimant,</span> <span class='ocrx_word' id='word_1_48' title='bbox 796 1501 831 1566; x_wconf 92' lang='lat' dir='ltr'>et</span> <span class='ocrx_word' id='word_1_49' title='bbox 852 1495 994 1584; x_wconf 91' lang='lat' dir='ltr'>cuique,</span> <span class='ocrx_word' id='word_1_50' title='bbox 1028 1513 1093 1584; x_wconf 94' lang='lat' dir='ltr'>pro</span> <span class='ocrx_word' id='word_1_51' title='bbox 1113 1495 1251 1567; x_wconf 91' lang='lat' dir='ltr'>ratione</span> 
     </span>
     <span class='ocr_line' id='line_1_9' title="bbox 236 1618 1251 1714; baseline 0 -22"><span class='ocrx_word' id='word_1_52' title='bbox 236 1621 412 1714; x_wconf 83' lang='lat' dir='ltr'>audaciae,</span> <span class='ocrx_word' id='word_1_53' title='bbox 442 1621 650 1712; x_wconf 90' lang='lat' dir='ltr'>permittant</span> <span class='ocrx_word' id='word_1_54' title='bbox 669 1619 893 1703; x_wconf 85' lang='lat' dir='ltr'>eruendam;</span> <span class='ocrx_word' id='word_1_55' title='bbox 923 1620 1010 1707; x_wconf 88' lang='lat' dir='ltr'>sive,</span> <span class='ocrx_word' id='word_1_56' title='bbox 1036 1626 1075 1691; x_wconf 91' lang='lat' dir='ltr'>ut</span> <span class='ocrx_word' id='word_1_57' title='bbox 1104 1618 1251 1692; x_wconf 81' lang='lat' dir='ltr'>Senecae</span> 
     </span>
     <span class='ocr_line' id='line_1_10' title="bbox 237 1744 1253 1835; baseline 0 -19"><span class='ocrx_word' id='word_1_58' title='bbox 237 1746 352 1835; x_wconf 92' lang='lat' dir='ltr'>magis</span> <span class='ocrx_word' id='word_1_59' title='bbox 370 1746 499 1835; x_wconf 83' lang='lat' dir='ltr'>placet,</span> <span class='ocrx_word' id='word_1_60' title='bbox 517 1744 650 1816; x_wconf 86' lang='lat' dir='ltr'>crebris</span> <span class='ocrx_word' id='word_1_61' title='bbox 670 1744 856 1815; x_wconf 86' lang='lat' dir='ltr'>sententiis</span> <span class='ocrx_word' id='word_1_62' title='bbox 870 1749 904 1814; x_wconf 91' lang='lat' dir='ltr'>et</span> <span class='ocrx_word' id='word_1_63' title='bbox 925 1745 1028 1833; x_wconf 84' lang='lat' dir='ltr'>quasi</span> <span class='ocrx_word' id='word_1_64' title='bbox 1041 1745 1253 1834; x_wconf 84' lang='lat' dir='ltr'>procacibus</span> 
     </span>
     <span class='ocr_line' id='line_1_11' title="bbox 237 1869 1252 1959; baseline 0 -18"><span class='ocrx_word' id='word_1_65' title='bbox 237 1869 439 1941; x_wconf 89' lang='lat' dir='ltr'>obtundant</span> <span class='ocrx_word' id='word_1_66' title='bbox 463 1888 569 1940; x_wconf 94' lang='lat' dir='ltr'>aures</span> <span class='ocrx_word' id='word_1_67' title='bbox 600 1874 827 1958; x_wconf 82' lang='lat' dir='ltr'>mentemque</span> <span class='ocrx_word' id='word_1_68' title='bbox 860 1869 1116 1959; x_wconf 83' lang='lat' dir='ltr'>praestringant</span> <span class='ocrx_word' id='word_1_69' title='bbox 1144 1876 1252 1959; x_wconf 84' lang='lat' dir='ltr'>atque</span> 
     </span>
     <span class='ocr_line' id='line_1_12' title="bbox 237 1993 1254 2084; baseline -0.001 -18"><span class='ocrx_word' id='word_1_70' title='bbox 237 1995 359 2080; x_wconf 89' lang='lat' dir='ltr'>etiam,</span> <span class='ocrx_word' id='word_1_71' title='bbox 388 1993 572 2083; x_wconf 85' lang='lat' dir='ltr'>permixtis</span> <span class='ocrx_word' id='word_1_72' title='bbox 606 1993 765 2082; x_wconf 82' lang='lat' dir='ltr'>vestigiis</span> <span class='ocrx_word' id='word_1_73' title='bbox 799 1993 888 2079; x_wconf 89' lang='lat' dir='ltr'>suis,</span> <span class='ocrx_word' id='word_1_74' title='bbox 920 1993 1048 2064; x_wconf 91' lang='lat' dir='ltr'>mediis</span> <span class='ocrx_word' id='word_1_75' title='bbox 1088 1993 1254 2084; x_wconf 86' lang='lat' dir='ltr'>ambagi-</span> 
     </span>
     <span class='ocr_line' id='line_1_13' title="bbox 236 2118 685 2208; baseline -0.011 -16"><span class='ocrx_word' id='word_1_76' title='bbox 236 2120 305 2192; x_wconf 86' lang='lat' dir='ltr'>bus</span> <span class='ocrx_word' id='word_1_77' title='bbox 326 2119 506 2208; x_wconf 88' lang='lat' dir='ltr'>malignos</span> <span class='ocrx_word' id='word_1_78' title='bbox 524 2118 685 2190; x_wconf 88' lang='lat' dir='ltr'>eludant.</span> 
     </span>
    </p>

    <p class='ocr_par' dir='ltr' id='par_1_3' title="bbox 236 2239 1306 3702">
     <span class='ocr_line' id='line_1_14' title="bbox 285 2239 1254 2334; baseline 0.001 -20"><span class='ocrx_word' id='word_1_79' title='bbox 285 2241 402 2329; x_wconf 85' lang='lat' dir='ltr'>Quod,</span> <span class='ocrx_word' id='word_1_80' title='bbox 432 2243 501 2314; x_wconf 92' lang='lat' dir='ltr'>nisi</span> <span class='ocrx_word' id='word_1_81' title='bbox 535 2243 652 2329; x_wconf 87' lang='lat' dir='ltr'>lallor,</span> <span class='ocrx_word' id='word_1_82' title='bbox 689 2243 775 2314; x_wconf 91' lang='lat' dir='ltr'>mire</span> <span class='ocrx_word' id='word_1_83' title='bbox 809 2243 961 2314; x_wconf 90' lang='lat' dir='ltr'>occurrit</span> <span class='ocrx_word' id='word_1_84' title='bbox 997 2243 1180 2334; x_wconf 85' lang='lat' dir='ltr'>dialogum</span> <span class='ocrx_word' id='word_1_85' title='bbox 1211 2239 1254 2315; x_wconf 86' lang='lat' dir='ltr'>de</span> 
     </span>
     <span class='ocr_line' id='line_1_15' title="bbox 236 2365 1253 2458; baseline 0 -21"><span class='ocrx_word' id='word_1_86' title='bbox 236 2367 416 2438; x_wconf 83' lang='lat' dir='ltr'>clementio</span> <span class='ocrx_word' id='word_1_87' title='bbox 443 2367 588 2455; x_wconf 89' lang='lat' dir='ltr'>legenti.</span> <span class='ocrx_word' id='word_1_88' title='bbox 610 2366 783 2455; x_wconf 85' lang='lat' dir='ltr'>Fungitur</span> <span class='ocrx_word' id='word_1_89' title='bbox 802 2366 897 2438; x_wconf 92' lang='lat' dir='ltr'>enim</span> <span class='ocrx_word' id='word_1_90' title='bbox 916 2365 1068 2454; x_wconf 88' lang='lat' dir='ltr'>Seneca,</span> <span class='ocrx_word' id='word_1_91' title='bbox 1088 2374 1253 2458; x_wconf 91' lang='lat' dir='ltr'>utsupra</span> 
     </span>
     <span class='ocr_line' id='line_1_16' title="bbox 236 2491 1255 2582; baseline 0 -19"><span class='ocrx_word' id='word_1_92' title='bbox 236 2491 322 2574; x_wconf 86' lang='lat' dir='ltr'>dixi,</span> <span class='ocrx_word' id='word_1_93' title='bbox 353 2491 488 2582; x_wconf 88' lang='lat' dir='ltr'>speculi</span> <span class='ocrx_word' id='word_1_94' title='bbox 508 2491 596 2578; x_wconf 85' lang='lat' dir='ltr'>vice,</span> <span class='ocrx_word' id='word_1_95' title='bbox 619 2497 653 2562; x_wconf 90' lang='lat' dir='ltr'>et</span> <span class='ocrx_word' id='word_1_96' title='bbox 674 2498 825 2581; x_wconf 86' lang='lat' dir='ltr'>tyranno</span> <span class='ocrx_word' id='word_1_97' title='bbox 863 2493 1002 2581; x_wconf 85' lang='lat' dir='ltr'>tyranni</span> <span class='ocrx_word' id='word_1_98' title='bbox 1037 2492 1163 2564; x_wconf 91' lang='lat' dir='ltr'>laciem</span> <span class='ocrx_word' id='word_1_99' title='bbox 1198 2511 1255 2563; x_wconf 90' lang='lat' dir='ltr'>os-</span> 
     </span>
     <span class='ocr_line' id='line_1_17' title="bbox 236 2614 1252 2706; baseline -0.001 -19"><span class='ocrx_word' id='word_1_100' title='bbox 236 2622 350 2687; x_wconf 91' lang='lat' dir='ltr'>tentat</span> <span class='ocrx_word' id='word_1_101' title='bbox 382 2615 602 2686; x_wconf 88' lang='lat' dir='ltr'>indecoram.</span> <span class='ocrx_word' id='word_1_102' title='bbox 633 2614 846 2706; x_wconf 87' lang='lat' dir='ltr'>Scriptorem</span> <span class='ocrx_word' id='word_1_103' title='bbox 868 2635 949 2686; x_wconf 88' lang='lat' dir='ltr'>voro</span> <span class='ocrx_word' id='word_1_104' title='bbox 980 2617 1061 2705; x_wconf 81' lang='lat' dir='ltr'>orris</span> <span class='ocrx_word' id='word_1_105' title='bbox 1092 2634 1252 2706; x_wconf 82' lang='lat' dir='ltr'>unquam</span> 
     </span>
     <span class='ocr_line' id='line_1_18' title="bbox 237 2738 1252 2830; baseline 0.002 -20"><span class='ocrx_word' id='word_1_106' title='bbox 237 2739 484 2830; x_wconf 89' lang='lat' dir='ltr'>deprehendat</span> <span class='ocrx_word' id='word_1_107' title='bbox 506 2739 767 2830; x_wconf 89' lang='lat' dir='ltr'>imprudentem</span> <span class='ocrx_word' id='word_1_108' title='bbox 799 2747 861 2810; x_wconf 92' lang='lat' dir='ltr'>aut</span> <span class='ocrx_word' id='word_1_109' title='bbox 894 2740 1137 2812; x_wconf 80' lang='lat' dir='ltr'>oscitantem?</span> <span class='ocrx_word' id='word_1_110' title='bbox 1164 2738 1252 2825; x_wconf 83' lang='lat' dir='ltr'>eris</span> 
     </span>
     <span class='ocr_line' id='line_1_19' title="bbox 237 2862 1306 2954; baseline 0.002 -20"><span class='ocrx_word' id='word_1_111' title='bbox 237 2863 404 2936; x_wconf 90' lang='lat' dir='ltr'>incallide</span> <span class='ocrx_word' id='word_1_112' title='bbox 432 2870 631 2936; x_wconf 89' lang='lat' dir='ltr'>moventem</span> <span class='ocrx_word' id='word_1_113' title='bbox 661 2883 778 2936; x_wconf 89' lang='lat' dir='ltr'>remos</span> <span class='ocrx_word' id='word_1_114' title='bbox 791 2865 808 2934; x_wconf 85' lang='lat' dir='ltr'>‘l</span> <span class='ocrx_word' id='word_1_115' title='bbox 828 2862 915 2948; x_wconf 87' lang='lat' dir='ltr'>Quis</span> <span class='ocrx_word' id='word_1_116' title='bbox 936 2884 1095 2954; x_wconf 87' lang='lat' dir='ltr'>unquam</span> <span class='ocrx_word' id='word_1_117' title='bbox 1115 2884 1251 2937; x_wconf 88' lang='lat' dir='ltr'>canen·</span> <span class='ocrx_word' id='word_1_118' title='bbox 1303 2937 1306 2944; x_wconf 84' lang='grc'><strong>,</strong></span> 
     </span>
     <span class='ocr_line' id='line_1_20' title="bbox 237 2986 1252 3079; baseline 0.001 -20"><span class='ocrx_word' id='word_1_119' title='bbox 237 2994 307 3060; x_wconf 90' lang='lat' dir='ltr'>tem</span> <span class='ocrx_word' id='word_1_120' title='bbox 325 2988 492 3060; x_wconf 86' lang='lat' dir='ltr'>absone‘l</span> <span class='ocrx_word' id='word_1_121' title='bbox 525 2986 640 3079; x_wconf 83' lang='lat' dir='ltr'>Atque</span> <span class='ocrx_word' id='word_1_122' title='bbox 670 2988 753 3060; x_wconf 92' lang='lat' dir='ltr'>inde</span> <span class='ocrx_word' id='word_1_123' title='bbox 768 2988 899 3060; x_wconf 91' lang='lat' dir='ltr'>Neroni</span> <span class='ocrx_word' id='word_1_124' title='bbox 927 2989 991 3071; x_wconf 93' lang='lat' dir='ltr'>illi,</span> <span class='ocrx_word' id='word_1_125' title='bbox 1017 3009 1098 3060; x_wconf 84' lang='lat' dir='ltr'>mox</span> <span class='ocrx_word' id='word_1_126' title='bbox 1134 2989 1252 3061; x_wconf 91' lang='lat' dir='ltr'>lutnro</span> 
     </span>
     <span class='ocr_line' id='line_1_21' title="bbox 238 3113 1252 3204; baseline 0.002 -22"><span class='ocrx_word' id='word_1_127' title='bbox 238 3119 467 3204; x_wconf 84' lang='lat' dir='ltr'>tyrannorum</span> <span class='ocrx_word' id='word_1_128' title='bbox 501 3114 696 3204; x_wconf 83' lang='lat' dir='ltr'>exemplari</span> <span class='ocrx_word' id='word_1_129' title='bbox 734 3113 915 3200; x_wconf 87' lang='lat' dir='ltr'>absoluto,</span> <span class='ocrx_word' id='word_1_130' title='bbox 939 3114 1089 3203; x_wconf 84' lang='lat' dir='ltr'>contigit</span> <span class='ocrx_word' id='word_1_131' title='bbox 1106 3114 1252 3204; x_wconf 88' lang='lat' dir='ltr'>pictoris</span> 
     </span>
     <span class='ocr_line' id='line_1_22' title="bbox 238 3237 1252 3329; baseline 0 -19"><span class='ocrx_word' id='word_1_132' title='bbox 238 3237 473 3328; x_wconf 78' lang='lat' dir='ltr'>eiusdemque</span> <span class='ocrx_word' id='word_1_133' title='bbox 492 3239 723 3328; x_wconf 84' lang='lat' dir='ltr'>praeceptoris</span> <span class='ocrx_word' id='word_1_134' title='bbox 752 3239 904 3328; x_wconf 83' lang='lat' dir='ltr'>experiri</span> <span class='ocrx_word' id='word_1_135' title='bbox 941 3258 1102 3325; x_wconf 87' lang='lat' dir='ltr'>manum,</span> <span class='ocrx_word' id='word_1_136' title='bbox 1128 3238 1252 3329; x_wconf 90' lang='lat' dir='ltr'>adspi-</span> 
     </span>
     <span class='ocr_line' id='line_1_23' title="bbox 238 3363 1253 3454; baseline 0.001 -20"><span class='ocrx_word' id='word_1_137' title='bbox 238 3380 318 3435; x_wconf 89' lang='lat' dir='ltr'>cere</span> <span class='ocrx_word' id='word_1_138' title='bbox 360 3381 463 3434; x_wconf 94' lang='lat' dir='ltr'>suam</span> <span class='ocrx_word' id='word_1_139' title='bbox 506 3363 620 3454; x_wconf 93' lang='lat' dir='ltr'>ipsius</span> <span class='ocrx_word' id='word_1_140' title='bbox 670 3363 865 3452; x_wconf 86' lang='lat' dir='ltr'>imaginem</span> <span class='ocrx_word' id='word_1_141' title='bbox 910 3363 1253 3453; x_wconf 87' lang='lat' dir='ltr'>similitudinemque</span> 
     </span>
     <span class='ocr_line' id='line_1_24' title="bbox 238 3485 1253 3578; baseline 0.001 -20"><span class='ocrx_word' id='word_1_142' title='bbox 238 3505 468 3578; x_wconf 80' lang='lat' dir='ltr'>expressam:</span> <span class='ocrx_word' id='word_1_143' title='bbox 499 3487 662 3558; x_wconf 87' lang='lat' dir='ltr'>dubitare</span> <span class='ocrx_word' id='word_1_144' title='bbox 689 3493 811 3559; x_wconf 90' lang='lat' dir='ltr'>tamen</span> <span class='ocrx_word' id='word_1_145' title='bbox 832 3506 940 3577; x_wconf 89' lang='lat' dir='ltr'>posse</span> <span class='ocrx_word' id='word_1_146' title='bbox 960 3493 1078 3558; x_wconf 93' lang='lat' dir='ltr'>utrum</span> <span class='ocrx_word' id='word_1_147' title='bbox 1099 3485 1253 3560; x_wconf 84' lang='lat' dir='ltr'>Caiusne</span> 
     </span>
     <span class='ocr_line' id='line_1_25' title="bbox 239 3609 1201 3702; baseline -0.001 -19"><span class='ocrx_word' id='word_1_148' title='bbox 239 3617 419 3702; x_wconf 87' lang='lat' dir='ltr'>ageretur,</span> <span class='ocrx_word' id='word_1_149' title='bbox 462 3618 524 3682; x_wconf 91' lang='lat' dir='ltr'>aut</span> <span class='ocrx_word' id='word_1_150' title='bbox 565 3609 740 3698; x_wconf 90' lang='lat' dir='ltr'>Tiberius,</span> <span class='ocrx_word' id='word_1_151' title='bbox 772 3631 818 3683; x_wconf 93' lang='lat' dir='ltr'>an</span> <span class='ocrx_word' id='word_1_152' title='bbox 849 3613 927 3702; x_wconf 92' lang='lat' dir='ltr'>ipse</span> <span class='ocrx_word' id='word_1_153' title='bbox 955 3612 1047 3684; x_wconf 92' lang='lat' dir='ltr'>Nero</span> <span class='ocrx_word' id='word_1_154' title='bbox 1069 3610 1201 3684; x_wconf 84' lang='lat' dir='ltr'>Caesar.</span> 
     </span>
    </p>
   </div>
   <div class='ocr_carea' id='block_1_2' title="bbox 0 0 1543 4942">
    <p class='ocr_par' dir='ltr' id='par_1_4' title="bbox 0 0 1543 4942">
     <span class='ocr_line' id='line_1_26' title="bbox 0 0 1543 4942; baseline 0 0"><span class='ocrx_word' id='word_1_155' title='bbox 0 0 1543 4942; x_wconf 95' lang='lat' dir='ltr'> </span> 
     </span>
    </p>
   </div>
  </div>
 </body>
</html>
