3080 4948
688 605 915 681 .-32..

309 759 503 854 iosopiricis
544 761 720 835 disserere
754 780 828 833 uon
876 761 1139 855 dubitaverant,
1191 770 1319 858 quibus

307 891 399 960 totos
426 905 465 959 se
488 885 675 975 dederant,
703 886 901 960 bonoribus
918 889 1105 978 neglectis,
1138 890 1210 963 duo
1228 892 1318 966 Sex-

306 1011 362 1098 tii,
393 1029 557 1103 quasque
590 1009 755 1101 Papirius
788 1009 989 1101 Fabianus,
1018 1033 1097 1085 cum
1129 1016 1166 1086 in
1196 1035 1318 1090 suaso·

305 1136 367 1210 riis
394 1136 730 1226 controversiisque,
748 1141 823 1207 turn
846 1135 883 1208 in
913 1136 1217 1228 disputationibus
1253 1144 1317 1215 rite

306 1261 354 1336 ad
379 1262 448 1335 boc
463 1261 666 1350 destinatis,
695 1260 821 1333 dorida
841 1280 908 1333 sua
923 1264 1085 1336 oratione
1117 1265 1318 1342 illustrave-

305 1393 373 1460 rat.
401 1385 572 1460 Audierat
588 1389 665 1478 ipse
682 1385 820 1458 Seneca
839 1386 1052 1460 adolescens
1074 1388 1255 1464 Sotionem
1283 1401 1317 1465 et

307 1509 431 1584 audire
455 1511 637 1602 gaudebat
664 1511 883 1583 Demetrium
909 1519 944 1584 et
973 1511 1130 1586 Attalum
1161 1518 1317 1608 cynicos,

306 1635 470 1730 priuatim
514 1643 577 1709 aut
620 1654 740 1708 coram
782 1636 915 1727 pupulo
947 1633 1132 1710 docentes.
1191 1641 1320 1714 Audire

221 1819 223 1826 ,
307 1761 414 1835 etium
431 1759 608 1854 potuisset
629 1759 832 1833 Musonium
849 1760 995 1848 Rufum,
1025 1763 1181 1850 equitem
1210 1772 1243 1835 et
1263 1785 1320 1836 se-

307 1891 468 1959 uutorem
484 1903 674 1958 romanum
697 1903 789 1975 quas
821 1885 964 1957 scholas
996 1887 1228 1977 appellabant
1259 1889 1321 1961 ba-

306 2011 465 2096 bentem,
499 2011 602 2101 cujus
641 2009 784 2082 auditor
814 2016 849 2082 et
878 2009 1076 2101 discipulus
1113 2011 1178 2084 iuit
1199 2031 1319 2085 servus

306 2135 502 2227 Epictetus,
547 2135 637 2207 tanti
656 2139 784 2227 postea
802 2133 920 2208 Marco
939 2136 1082 2208 Aurelio
1119 2136 1317 2210 iactandus.

308 2257 442 2334 Omnes
458 2259 539 2332 ilios
573 2259 666 2332 viros
697 2278 770 2330 non
791 2277 940 2332 necesse
974 2266 1029 2332 est
1062 2261 1224 2334 dicamus
1258 2281 1320 2354 pro

308 2383 539 2478 philosophia
556 2401 671 2457 rerum
692 2383 915 2474 indagatrice
940 2391 975 2456 et
1003 2383 1190 2458 dialectica
1244 2405 1322 2478 par-

307 2517 378 2584 tem
398 2509 652 2603 paraeneticum
695 2514 758 2581 aut
794 2509 1045 2600 praeceptivam
1094 2511 1318 2601 potissimum

308 2633 463 2708 coluisse
490 2629 553 2730 (rt,
572 2633 679 2706 nimis
704 2632 889 2706 bonafide
914 2635 1069 2725 acceptis
1095 2653 1176 2725 quae
1203 2646 1322 2724 arpen

306 2759 483 2832 uocabant
503 2764 565 2830 aut
580 2758 734 2831 decreta.
762 2757 842 2830 Jam
872 2758 1150 2830 honestissimus
1167 2761 1319 2850 quisque

308 2903 429 2960 secum
450 2883 621 2972 babebat,
650 2891 687 2956 ut
715 2885 861 2957 Senecae
893 2883 1010 2956 verbis
1038 2890 1130 2973 utar,
1165 2886 1322 2976 pbiloso-

307 3009 554 3102 pbumsuum.
585 3009 688 3095 Nam,
720 3008 804 3080 dum
818 3009 945 3099 vulgus
967 3015 1190 3100 contemptu,
1223 3011 1318 3097 odio,

311 3135 446 3223 derisu,
475 3133 702 3207 contumeliis
737 3134 913 3223 graeculos
935 3139 969 3205 et
984 3141 1184 3223 graecantcs
1202 3154 1322 3226 perse·

311 3260 372 3352 qui
393 3278 466 3332 uon
482 3258 684 3346 desinebat,
714 3259 814 3330 multi
831 3259 922 3330 inter
954 3259 1198 3349 amplissimos
1240 3260 1321 3332 civi·

312 3516 347 3582 et
363 3509 508 3582 saevitiae
533 3507 719 3588 obnoxios,
749 3508 1001 3580 necessitatem
1023 3507 1274 3580 intellexerunt
1303 3528 1325 3580 a

312 3633 499 3725 sapientiae
515 3632 696 3722 magistris
715 3631 861 3722 petendi
881 3632 1010 3703 solatia
1025 3632 1105 3703 vitae
1124 3639 1159 3705 et
1189 3634 1324 3705 attoni-

310 3765 357 3832 tae
377 3757 606 3848 labantisque
622 3775 698 3829 suae
714 3757 850 3828 uirtutis
872 3756 1093 3848 praesidium,
1126 3757 1176 3829 ita
1196 3764 1234 3829 ut
1250 3757 1323 3868 Ro·

342 4017 376 4081 (i)
395 4015 458 4068 Seu.
479 4012 526 4079 dp.
540 4013 572 4064 dt
588 4017 615 4066 et
630 4015 662 4066 ob
678 4041 708 4050 -
725 4011 765 4065 Gi.
786 4013 885 4065 Gaston
903 4010 1029 4075 Boissier,
1050 4010 1170 4076 Retipioc
1187 4009 1321 4070 rorrminc,

310 4099 330 4149 t.
347 4095 379 4158 11,
395 4109 421 4160 p.
437 4094 470 4144 25
485 4096 512 4146 et
526 4094 656 4146 Constant
668 4094 775 4157 Martha,
809 4081 907 4145 Etodes
923 4091 1038 4144 trtorolcs
1049 4105 1095 4143 sur
1111 4091 1318 4157 lampunen.

310 4177 368 4229 att.
390 4174 535 4240 (flachette,
553 4173 621 4239 ¹8⁸³)
