3080 4948
642 657 838 731 -35..

234 812 350 884 versia
375 818 444 898 est,
486 811 530 883 de
574 831 611 883 re
650 811 794 900 quidem
823 811 987 882 conuenit
1014 806 1074 906 (1).
1104 839 1121 874 u
1154 809 1248 895 Quid

236 936 342 1008 etiam
361 954 553 1008 memorem
573 935 611 1006 L.
640 933 815 1006 Annaeum
844 935 881 1006 in
902 935 1023 1007 multis
1067 935 1249 1025 Epistula-

232 1065 312 1132 rum
331 1060 562 1132 locisranam
580 1059 846 1131 dialecticorum
875 1058 1109 1131 subtilitatem
1139 1060 1249 1132 casti-

235 1184 391 1274 gnosso,
411 1191 584 1274 tanquam
601 1183 863 1273 delirationem,
877 1190 939 1256 aut
954 1183 1163 1257 litterarium
1172 1184 1252 1276 pbi-

236 1309 468 1408 losophorum
491 1308 629 1386 ludum.
656 1316 718 1381 aut
737 1328 854 1398 nugas
878 1309 1159 1382 solertissimae?
1179 1309 1250 1382 Ne-

238 1451 307 1524 que
341 1434 437 1506 enirn
476 1433 687 1506 latrunculis
715 1433 852 1522 ludere,
881 1434 1011 1522 nteit,
1040 1434 1105 1506 sed
1142 1452 1251 1525 opera

238 1559 426 1649 sapientiae
442 1559 562 1649 potius
578 1577 685 1648 quarn
704 1558 878 1630 vocabula
893 1558 1022 1631 callere
1038 1558 1172 1660 gaudet
1188 1555 1249 1653 (1),

237 1689 347 1773 atque
362 1691 499 1771 censet,
528 1683 733 1756 utbreviter
760 1665 893 1772 dicam,
921 1684 988 1755 bas
1018 1684 1243 1775 spernendas

239 1825 320 1880 esso
340 1807 616 1900 disputationes.

292 2464 420 2537 Stoicae
455 2423 576 2535 tamen
617 2463 818 2554 disciplinae
860 2467 1080 2557 propriorem
1114 2466 1249 2556 dialogi

242 2596 380 2684 partem
401 2588 660 2679 ingrediamur,
689 2589 834 2662 dumeta
861 2591 1069 2683 ceteroquin
1097 2611 1167 2664 nou
1204 2592 1255 2663 ita

244 2732 404 2807 spinosa.

294 3122 437 3197 Nullum
464 3125 584 3214 igitur,
613 3125 642 3196 si
658 3123 832 3197 Senecam
858 3124 1036 3214 sequaris
1066 3122 1257 3196 clementia

245 3268 290 3321 ex
322 3250 488 3321 omnibus
525 3249 640 3339 magis
672 3269 781 3339 quam
811 3268 932 3338 regem
972 3255 1033 3320 aut
1060 3248 1258 3339 principem

245 3374 358 3447 decet.
389 3372 565 3446 Omnibus
581 3375 675 3446 enirn
698 3374 842 3461 decora,
860 3375 1016 3446 maxime
1039 3379 1159 3444 tamen
1190 3373 1259 3442 im·

244 3498 484 3589 peratoribus,
513 3504 648 3588 quanto
680 3499 761 3589 plus
791 3498 902 3570 habet
918 3498 1015 3588 apud
1045 3498 1139 3585 illos,
1162 3495 1259 3587 quod

244 3629 374 3710 servet,
403 3628 611 3713 qrrantoquo
639 3623 674 3694 ln
697 3623 832 3714 majore
852 3623 1000 3695 materia
1019 3628 1168 3714 apparet
1194 3619 1258 3716 (3).

244 3747 343 3821 ltitto
356 3745 501 3837 quidem
523 3754 696 3837 quantum
714 3766 836 3820 eorum
856 3747 998 3819 intersit
1017 3747 1181 3818 virtutem
1217 3745 1260 3815 il-

279 4031 315 4093 (l)
329 4029 365 4080 De
379 4028 453 4081 clem.
477 4030 509 4091 ll,
527 4031 579 4092 r‚t.

279 4119 316 4182 (2)
331 4118 371 4170 cl.
389 4118 437 4185 Ep.
454 4119 494 4181 15,
512 4120 552 4180 la,
568 4119 610 4182 71,
628 4119 681 4182 106,
701 4118 755 4182 113,
774 4119 827 4170 tlt.

280 4207 315 4272 (3)
332 4206 368 4259 lle
382 4207 457 4259 clem.
476 4208 496 4271 l,
513 4211 538 4260 3.
546 4211 609 4260 3.-
622 4209 641 4269 l,
658 4210 683 4260 5.
700 4207 727 4260 9..
