3062 4942
623 636 843 708 -lssl—

219 789 307 861 illud
326 788 477 861 Neronis
504 789 806 880 quinquennium,
840 807 910 878 quo
938 790 1167 882 philosophia
1188 793 1233 863 ad

219 913 357 1004 imperii
387 913 671 1002 gubernaculum
712 911 837 984 sedere
879 913 955 984 risa
993 922 1060 986 est.
1096 915 1234 989 Deinde

218 1036 315 1128 quod
358 1035 504 1110 Senecae
547 1037 727 1108 somnium
765 1037 900 1124 rocavi,
940 1039 1148 1111 memorabo
1195 1060 1233 1113 re

218 1180 301 1233 vera
328 1161 522 1248 exstitisse,
548 1161 595 1232 M.
631 1159 774 1234 Aurelio
808 1160 1020 1251 imperante.
1065 1162 1228 1254 Namque

218 1285 359 1358 etiamsi
379 1285 519 1359 Marcus
543 1303 728 1375 nunquam
765 1285 853 1357 lorte
881 1284 1057 1358 Annaeum
1092 1287 1230 1378 legerit,

219 1427 325 1498 quem
355 1409 405 1481 illi
428 1427 516 1480 suus
536 1409 656 1480 latinae
676 1409 890 1498 eloquentiae
913 1411 1086 1500 magister
1104 1411 1234 1483 Fronto

217 1531 980 1624 haudquaquamcommendaverat,iisdem
993 1534 1233 1626 proculdubio

217 1657 420 1749 preceptis,
461 1676 504 1729 ex
538 1656 665 1729 eadem
712 1657 943 1749 philosophia
983 1659 1228 1746 manantibus

217 1779 376 1852 imbutus
408 1779 486 1851 luit.
518 1779 643 1871 ltaque
677 1779 775 1869 quod
801 1781 966 1852 minister
993 1779 1144 1852 Neronis
1165 1800 1233 1853 ro·

217 1904 294 1985 luit,
324 1904 433 1976 voluit
453 1909 488 1976 et
506 1904 584 1994 ipse
617 1903 831 1994 imperator3
857 1903 921 1976 sed
938 1904 1054 1977 olfecit
1071 1922 1112 1976 ac
1130 1923 1234 1996 pere-

216 2029 267 2117 git
297 2027 394 2119 quod
412 2029 549 2100 Seneca
578 2034 717 2099 tantum
737 2033 902 2118 potuerat
921 2028 1038 2100 verbis
1067 2030 1233 2120 praescri-

216 2152 314 2225 here.

264 2275 336 2348 Nec
364 2277 548 2348 satisest:
585 2275 766 2367 principes
786 2275 867 2347 illos
898 2253 957 2366 qni
989 2295 1010 2347 a
1043 2275 1158 2348 Nerva
1188 2275 1232 2348 ad

217 2399 263 2472 M.
319 2399 502 2472 Aurelium
552 2399 792 2491 principatum
833 2405 868 2472 et
909 2400 1124 2486 libertatem,
1171 2419 1233 2472 res

217 2542 281 2615 per
310 2543 349 2596 se
369 2524 453 2595 olim
484 2523 745 2610 dissociabileS,
775 2523 1054 2596 conciliaverunt
1076 2523 1231 2613 ideoque

217 2666 343 2721 omnes
361 2666 432 2719 uno
447 2647 708 2719 Antoninorum
726 2647 872 2721 nomine
902 2667 922 2718 a
943 2649 1095 2738 posteris
1117 2648 1232 2719 ornati

217 2779 314 2860 sunt,
350 2770 542 2843 dicendum
575 2776 631 2842 est
665 2769 803 2843 eisdem
838 2771 1027 2862 sapientiae
1066 2767 1228 2861 vestigiis

216 2895 417 2968 institisse:
450 2913 524 2966 non
554 2894 651 2985 qood
681 2895 921 2986 philosophiae
939 2895 1009 2966 alte
1031 2895 1235 2967 studuerint

217 3038 370 3110 eamque
406 3019 559 3110 professi
580 3019 665 3107 sint,
691 3019 755 3091 sed
771 3019 869 3109 quod
889 3038 908 3092 e
929 3018 1047 3092 medio
1079 3025 1232 3091 senteu-

215 3145 285 3216 tias
301 3149 554 3236 praeceptaque
570 3143 800 3234 arripuerint,
820 3144 925 3234 quasi
939 3144 1059 3216 lumen
1074 3142 1234 3233 undique

216 3268 399 3341 diliusom.
429 3267 519 3340 Nam
549 3267 704 3359 superba
725 3267 787 3338 illa
817 3286 859 3340 ac
879 3267 967 3340 dora
993 3285 1144 3340 romana
1170 3285 1234 3340 no-

215 3391 351 3479 uilitas,
373 3399 456 3483 post
483 3391 636 3465 Neronis
652 3390 893 3484 tyrannidem,
923 3399 1006 3483 post
1033 3391 1129 3464 bella
1149 3391 1235 3464 civi·

215 3516 426 3588 liamortem
457 3515 535 3606 eius
559 3522 694 3600 secuta,
725 3522 807 3607 post
821 3515 1018 3587 Domitiani
1044 3515 1231 3598 saevitiam,

215 3639 362 3713 tandem
379 3640 492 3713 lraota
508 3639 614 3712 malis
631 3647 739 3731 atque
762 3639 933 3727 edomita,
954 3644 1122 3710 renovata
1139 3644 1233 3710 cete-

216 3763 345 3855 roquin
379 3770 415 3837 et
439 3770 578 3837 mutata
599 3764 636 3836 in
657 3764 801 3849 melios,
832 3763 953 3835 multis
971 3782 992 3834 a
1010 3759 1235 3854 Vespasiano

218 3888 253 3960 in
273 3885 414 3960 Curiam
436 3892 713 3979 equestremque
727 3886 889 3959 ordinem
908 3885 1078 3959 admissis
1096 3887 1237 3976 provin-

217 4011 361 4083 cialium
378 4011 646 4101 delectissimis
669 4010 790 4084 Graeca
811 4011 1039 4083 humanitate
1059 4010 1110 4081 ita
1125 4016 1231 4082 aucta

217 4142 326 4209 estut
346 4142 554 4227 quatuorex
576 4136 700 4210 ordine
721 4136 901 4228 principes
922 4132 1072 4228 imperio
1087 4135 1235 4270 soliace-
