3080 4948
639 613 831 687 -ἪΗ;

229 773 338 859 quain
364 765 488 840 Romae
518 783 591 837 non
625 763 675 837 ita
709 783 878 856 maguam
911 765 1038 858 opinor
1067 739 1241 844 babuisse

228 890 515 965 admirationem.
535 887 712 963 Caesarem
733 888 841 978 igitur
863 907 884 962 a
907 891 1089 982 republica
1108 892 1240 968 distra-

227 1013 313 1088 here
333 1021 368 1087 et
382 1014 548 1101 areiiere,
566 1031 638 1085 non
658 1017 714 1085 est
732 1011 831 1084 atiud
851 1019 959 1104 atque
975 1015 1113 1107 corpori
1133 1017 1241 1090 simui

226 1145 262 1214 et
281 1137 414 1212 animae‘
432 1138 559 1212 afferre
579 1137 738 1210 exitium.
757 1135 852 1223 Quid
869 1137 967 1229 quod
992 1141 1157 1214 universa
1178 1141 1240 1215 iiia

224 1261 329 1338 nario
362 1261 460 1355 apud
500 1259 638 1335 Stoicos
658 1280 730 1334 uon
769 1261 884 1335 scium
917 1263 1070 1338 vitaliter
1102 1266 1241 1339 animat

225 1387 414 1474 muudum,
431 1384 498 1460 sed
525 1391 560 1460 et
592 1383 711 1458 diuino
730 1386 882 1458 consilio
911 1393 1031 1460 tuetur
1054 1406 1097 1462 ac
1118 1391 1234 1481 regit:

224 1511 390 1606 princeps
411 1509 520 1602 igitur
535 1509 616 1604 pios
637 1529 746 1604 quam
767 1511 899 1587 auimae
913 1512 1008 1586 vices
1031 1513 1068 1586 in
1088 1532 1237 1590 romano

223 1655 370 1730 corpore
393 1635 582 1724 obtinebit,
604 1634 669 1708 sed
700 1642 735 1708 et
754 1635 949 1727 superioris
967 1638 1133 1711 conscius
1157 1639 1237 1712 mu-

223 1763 334 1852 neris,
347 1759 542 1834 vindicabit
557 1759 626 1832 sibi
642 1759 771 1833 divinae
782 1760 1013 1852 providentiae
1030 1780 1238 1854 personam·

268 2625 362 2713 Quid
381 2631 499 2699 autem
530 2623 577 2698 od
610 2625 867 2700 clementiam?
900 2627 986 2716 Hoc,
1007 2627 1079 2701 nisi
1112 2627 1232 2701 iallor-

218 2749 329 2843 quod,
348 2747 683 2842 stoicaediscipiiuce
707 2751 859 2822 formula
881 2749 1056 2841 adbibita,
1077 2752 1234 2825 mutabi-

217 2876 286 2949 lem
315 2875 412 2948 exuit
430 2881 596 2947 naturam
623 2875 736 2948 virtus
761 2873 837 2964 iiia,
858 2881 894 2948 et
913 2874 953 2948 iit
971 2877 1121 2950 rationis
1142 2897 1230 2969 par·

216 3000 343 3093 ticepS.
361 2999 468 3091 Atqui
484 2999 654 3091 quoniam
672 2999 793 3072 animo
812 3001 942 3092 cuique
971 3021 1075 3074 suum
1100 3021 1229 3094 corpus

203 3113 310 3198 burae
335 3130 404 3214 est,
421 3131 457 3197 et
485 3125 613 3216 capitis
642 3124 791 3196 interest
826 3124 1013 3217 indulgere
1042 3126 1226 3215 membris,

215 3249 349 3324 nedum
365 3249 443 3323 sine
460 3249 559 3339 justa
578 3266 690 3322 causa
706 3249 878 3338 inrideat,
897 3248 1003 3322 deum
1018 3250 1118 3323 iilum
1138 3251 1229 3323 inte-

213 3375 342 3448 riorem
371 3373 504 3446 imitari
538 3373 689 3465 principi
709 3373 890 3446 conducit.
916 3372 1227 3460 Quemadmodum

210 3499 320 3590 igitur
351 3498 494 3571 animus
520 3515 593 3569 non
613 3497 690 3570 sinc
719 3498 900 3589 voluptate
926 3498 1083 3590 quadam
1110 3500 1226 3572 vivum

211 3623 425 3714 sauguinem
455 3640 519 3713 per
544 3639 655 3694 venas
675 3622 845 3694 intutum
875 3642 1003 3715 corpus
1033 3623 1142 3698 sentit
1163 3624 1228 3697 dii-

211 3747 446 3838 iundi,immo
458 3747 566 3820 uitam
582 3747 659 3838 ejus
675 3747 819 3838 longius
833 3749 1042 3839 protrahere
1056 3750 1222 3842 cupiens,

211 3873 318 3962 toret,
332 3877 371 3946 ut
385 3872 435 3945 ita
449 3872 721 3963 dicam,corpus
737 3890 841 3944 suurn
861 3873 964 3946 sicuti
980 3874 1225 3948 necessarium

212 3997 430 4087 ministrum,
444 3995 838 4071 similiterNerouibaec
849 3997 974 4071 scribit
992 3998 1031 4072 L.
1044 3999 1222 4072 Annaeus:

217 4151 234 4188 o
260 4123 371 4196 Nemo
392 4121 466 4213 regi
483 4126 556 4195 tam
572 4121 651 4196 uitis
669 4123 729 4214 sit,
742 4129 781 4194 ut
799 4121 898 4196 iilum
918 4124 1033 4217 perire
1052 4143 1125 4198 non
1146 4142 1226 4196 sen-
