3062 4942
722 615 940 687 -ror'-

325 768 648 842 accommodatum.
701 768 824 856 ltaque
868 766 1014 839 verbum
1063 767 1150 839 illud
1194 765 1333 840 Seneoe

326 914 400 966 non
430 892 674 985 pronuntiavit
709 891 959 963 tantummodo
994 893 1105 965 semel
1131 898 1252 982 atque·
1273 893 1334 966 ite

326 1039 418 1105 rum,
450 1018 514 1090 sed
543 1018 685 1108 scripsit
705 1017 813 1116 etiem
837 1022 945 1107 atque
968 1016 1225 1089 demonstrarit
1250 1015 1336 1106 quio

326 1144 545 1234 signiticaret
571 1161 615 1214 ea
643 1147 770 1214 notate:
799 1147 921 1213 notem
953 1140 1108 1232 denique
1130 1159 1237 1216 suam
1268 1140 1336 1212 ole-

327 1270 493 1357 mentiee‚
529 1271 650 1341 stoioee
684 1273 859 1356 tauquam
894 1267 1033 1354 uirtuti,
1074 1265 1257 1357 impressit
1296 1265 1333 1340 L.

323 1393 495 1466 Annaeus.
951 1459 961 1476 ,

376 1518 464 1604 Quee
478 1524 565 1589 nota
580 1517 698 1608 quatis
714 1517 759 1588 sit
777 1515 928 1588 breviter
947 1521 1119 1607 repetam.
1160 1530 1162 1536 ’
1283 1587 1285 1590 Α

373 1641 507 1736 Nempe
528 1642 754 1715 elementiam
776 1641 821 1713 ab
842 1641 940 1713 omni
961 1641 1108 1713 mollitie
1128 1641 1239 1712 animi
1256 1642 1335 1714 vin*

326 1769 459 1858 dicare,
481 1768 672 1858 virtutique
686 1767 738 1838 illi
760 1767 901 1838 firmam
918 1766 1156 1857 stabilemque
1184 1767 1335 1860 rationis

324 1894 598 1984 intellectusque
618 1891 858 1965 constantium
875 1891 1153 1978 communicare,
1167 1893 1245 1984 troo
1268 1891 1335 1963 sibi

323 2018 521 2112 proposuit.
1125 2083 1141 2090 ,,
1277 2081 1281 2086 .
1317 2081 1319 2086 .

374 2143 570 2214 Stultorum
592 2143 698 2232 igitur
713 2142 905 2232 discipline
929 2147 1102 2232 quantum
1124 2143 1264 2214 valeret
1290 2142 1335 2213 ad

324 2269 462 2340 romani
494 2269 619 2340 mundi
653 2269 820 2352 salutem,
861 2286 933 2338 non
963 2267 1007 2339 de
1033 2267 1086 2338 ire
1109 2266 1334 2339 solummodo

323 2394 475 2480 loeutus,
500 2393 564 2465 sed
592 2394 700 2466 etiem
722 2393 765 2465 de
782 2393 971 2465 elementia
1001 2392 1174 2464 ostendit.¹
1201 2391 1337 2464 Prinoi÷

323 2537 403 2610 pem
422 2519 482 2608 qui
500 2518 581 2591 orbi
602 2519 808 2610 imperaret,
827 2517 964 2590 Seneoa
979 2517 1100 2590 docuit
1115 2524 1150 2589 et
1165 2516 1234 2589 sibi
1267 2517 1335 2608 pri-j

324 2662 423 2715 mum
444 2643 710 2734 imperandum.
730 2643 864 2716 ldoiroo
885 2643 982 2714 omni
999 2661 1065 2733 ope
1096 2642 1221 2714 nititur
1236 2648 1274 2714 ut
1293 2640 1336 2714 de

324 2769 483 2860 principe
504 2767 656 2859 Sapiens
684 2768 826 2856 evadat,
862 2773 897 2840 et
915 2767 1091 2840 Neronem
1132 2786 1240 2857 quam
1267 2768 1336 2838 lale

324 2898 447 2984 petent
461 2893 727 2983 imperatorium
745 2899 876 2964 munus
888 2910 1033 2964 monere
1049 2892 1214 2963 instituit.
1228 2891 1338 2983 Docet

325 3016 503 3090 Caesarem
533 3018 580 3089 ad
611 3019 799 3091 universos
823 3018 988 3088 homines
1022 3017 1219 3108 prinoipem
1256 3031 1338 3088 esse

325 3147 464 3231 natum,
488 3142 592 3214 sicuti
607 3139 715 3214 Retio
731 3142 958 3232 Verbumque
977 3141 1173 3214 seeundum
1184 3146 1188 3212 i
1200 3139 1338 3212 Stoicos

324 3267 370 3338 ad
381 3268 516 3358 optimo
530 3287 684 3358 quaeque
701 3269 791 3357 regit
804 3267 927 3339 mundi
940 3267 1069 3340 molem
1085 3266 1337 3356 :improvisum

324 3394 470 3484 quidem
512 3395 701 3484 plotoninae
736 3394 786 3465 illi
822 3393 1011 3465 sententiae
1049 3392 1337 3482 supplementum

329 3544 346 3581 α
372 3518 602 3590 omniabeue
628 3519 771 3610 populis
800 3519 970 3605 loturum,
1002 3516 1196 3606 dummodo
1213 3516 1338 3588 fiante

322 3643 549 3735 philosophis
600 3663 718 3734 reges,
754 3644 1033 3734 philosophique
1067 3661 1086 3715 e
1124 3641 1327 3732 regibus.»

323 3767 447 3858 Neque
486 3769 588 3840 enim.
631 3769 838 3840 indecorum
864 3787 999 3858 neque
1041 3767 1190 3867 forsitan
1218 3765 1338 3875 ‚etiem

326 3873 632 3985 superuacaneum
651 3912 732 3966 esse
748 3912 790 3966 ee
811 3899 917 3966 aetate
942 3893 1119 3966 videretur
1136 3891 1234 3981 quod
1264 3889 1340 3961 dis*

325 4020 443 4110 oipulo
463 4025 838 4110 preeoeptorromunas
865 4003 1134 4118 res'ostemaret
1150 4011 1195 4087 ab
1228 4015 1341 4105 impe-

326 4150 458 4232 ratore,
476 4143 580 4233 quasi
597 4163 725 4234 eorpus
739 4144 868 4232 ingens
887 4144 1008 4214 orrimo
1038 4161 1115 4229 sno,
1146 4139 1343 4230 gubernari
