3062 4942
599 635 814 708 -tes-

204 791 410 866 asseveret?
428 787 530 874 Quod
546 789 576 861 si
598 787 795 861 Stoicorum
818 791 970 864 annales
990 793 1214 866 conscribere

204 915 441 1008 aggrediaris
470 914 530 1005 qui
569 913 713 1005 quidem
752 913 875 988 Romae
909 915 1071 990 ciriiibus
1108 918 1215 991 rebus

203 1041 439 1130 interfuerint,
480 1057 552 1111 non
592 1038 834 1112 doctrinarum
872 1041 1117 1133 solummodo,
1153 1042 1217 1116 sed

205 1185 344 1239 morum
366 1181 563 1255 componas
595 1163 796 1240 historiam.
829 1162 906 1249 Quo
938 1172 1097 1258 tempore
1122 1167 1217 1240 enim

203 1289 371 1378 Romani,
388 1287 469 1359 vitae
489 1306 560 1358 non
582 1287 821 1378 philosophiae
855 1287 978 1372 dediti,
1005 1289 1121 1380 ipsam
1151 1309 1218 1362 no-

204 1433 284 1487 vere
303 1413 458 1486 Zenonis
488 1411 701 1497 doctrinam,
719 1411 818 1484 haud
848 1413 1044 1503 quidquam
1065 1434 1108 1488 en
1143 1414 1218 1506 illa,

205 1539 310 1630 quasi
344 1538 485 1624 arbore,
502 1537 572 1608 nisi
592 1537 727 1610 tructus
752 1536 941 1629 decerpere
970 1540 1087 1611 conati
1120 1547 1217 1612 sunt.

205 1664 329 1755 Neque
358 1662 467 1735 dubia
488 1669 543 1735 est
576 1661 672 1753 apud
693 1681 755 1734 eos
783 1663 979 1734 Stoicorum
1009 1664 1219 1752 auctoritas,

208 1789 272 1862 sed
298 1787 689 1880 inclytorum'vtrorum
711 1787 858 1859 nomina
887 1787 1077 1880 designare
1098 1790 1219 1880 possis

207 1921 242 1988 et
270 1913 475 2005 retpuhhcae
496 1911 758 2003 praefectorum.

256 2037 301 2112 Ut
325 2037 499 2129 exemplis
527 2042 619 2127 utar,
638 2055 710 2110 non
737 2036 940 2110 Terentium
968 2038 1073 2111 modo
1095 2037 1224 2110 Laelius

208 2171 243 2238 et
266 2163 398 2255 Scipio,
420 2162 485 2236 sed
505 2169 539 2236 et
555 2161 755 2235 Panaetium
779 2162 956 2254 imprimis
972 2164 1168 2255 ingenuum
1190 2169 1225 2234 et

208 2308 364 2380 gravem,
388 2294 427 2361 ut
454 2288 505 2360 ait
528 2287 572 2360 M.
596 2286 732 2360 Tullius
756 2283 817 2382 (i),
842 2285 993 2360 Romam
1027 2287 1223 2360 adductum

209 2415 404 2505 abiogane
433 2419 468 2486 et
495 2412 603 2486 Laelio
620 2412 924 2501 commendamur,
946 2412 1106 2486 habuere
1137 2431 1224 2487 con·

208 2538 446 2612 tubernalem.
478 2534 584 2628 Atqui
622 2535 806 2610 Panaetius
847 2536 1033 2630 Chrysippi
1077 2537 1223 2610 dumeta

210 2663 430 2736 deseruerat.
463 2659 556 2745 Quin
589 2667 625 2734 et
656 2659 897 2754 Antipatrum,
932 2665 1083 2734 stoicum
1124 2663 1224 2735 ilium

210 2787 479 2880 philosophum,
495 2804 614 2858 nonne
637 2787 915 2859 memorabimus
936 2806 957 2857 a
986 2784 1118 2859 Catone
1147 2785 1224 2860 Uti-

211 2913 308 2985 censi
350 2931 424 2985 non
464 2910 575 2984 semel
609 2910 734 2999 inisse,
773 2911 879 3001 longo
926 2918 1046 2983 tamen
1083 2911 1223 2999 itinere,

212 3035 432 3128 quaesitum?

261 3162 459 3250 ingenuum
481 3159 626 3250 quidem
661 3160 750 3232 iilud
784 3159 1033 3233 admirationis
1068 3161 1228 3234 testimo-

214 3260 335 3358 nium:
360 3285 424 3358 sod
444 3285 479 3356 in
499 3284 545 3358 Μ.
563 3284 667 3356 Tullii
692 3285 873 3377 operibus,
891 3286 927 3356 in
951 3285 1010 3358 itio
1028 3286 1225 3377 praesertim

212 3411 273 3500 qui
299 3408 502 3482 inscribitur
522 3410 564 3480 dc
584 3409 721 3500 officiis,
745 3416 918 3500 quantum
940 3410 1087 3498 Zenoni,
1110 3429 1228 3500 quan-

212 3542 285 3606 tum
314 3533 474 3605 Panaetio
495 3534 664 3606 tributum
700 3535 781 3606 est!
806 3531 987 3618 Quantum
1009 3534 1226 3620 adoleverat,

213 3659 321 3729 invito
353 3655 551 3745 Carneade,
579 3656 777 3729 Stoicorum
808 3657 1026 3730 auctoritas!
1057 3655 1099 3728 Et
1120 3675 1227 3746 quam

214 3789 369 3853 mutatos
390 3782 531 3852 animos
552 3781 597 3853 ab
614 3782 674 3853 iiio
697 3787 852 3872 temporo
871 3801 941 3871 qrm
962 3781 1087 3854 Numa
1119 3781 1228 3852 iibrus

215 3906 423 3978 subditicios
440 3904 564 3977 Patres
584 3907 773 3997 conscripti
799 3907 951 3994 injecere
979 3906 1149 3992 dammae,
1174 3912 1230 3975 ut-

248 4178 281 4241 (i)
300 4176 335 4228 De
349 4175 406 4240 fin„
426 4177 467 4239 IV,
482 4177 506 4228 9.
522 4176 561 4228 23.
1135 4254 1157 4326 q
