3062 4942
617 601 835 673 -133-

216 756 357 827 censuit
376 755 642 846 imperatorem,
660 754 713 826 vei
731 754 766 825 in
796 755 857 826 iiia
877 757 984 828 nimis
1013 757 1115 842 dura,
1134 759 1229 848 quod

216 879 262 949 ad
292 860 518 972 dementiam
548 879 687 965 attinet,
706 878 881 964 doctrina,
900 880 1012 952 fateor
1027 864 1031 871 ¹
1046 901 1117 952 non
1147 901 1228 954 esse

213 1022 276 1074 cur
295 1004 542 1075 condonemus
562 1003 599 1074 L.
619 1001 754 1076 Annaeo
781 1004 927 1094 politici,
946 1010 983 1075 ut
1018 1007 1067 1076 ita
1092 1007 1224 1095 diuam,

212 1128 416 1220 philosophi
437 1146 582 1200 nomen.
602 1125 693 1212 Quin
712 1127 825 1200 iateor
839 1128 894 1199 iris
919 1129 1017 1202 tibris
1036 1131 1072 1202 L.
1091 1128 1224 1203 Annae-

213 1271 287 1337 um,
306 1270 387 1342 quae
407 1251 509 1323 divus
538 1253 615 1343 ipse
647 1249 829 1341 Augustus
853 1253 896 1323 de
927 1254 1061 1344 optima
1085 1256 1224 1345 imperii

212 1376 350 1448 ratione
379 1377 559 1448 censuerit
578 1373 706 1471 (ireque
726 1377 806 1448 ideo
837 1379 985 1450 orimioe
1009 1376 1133 1474 caruit)
1155 1380 1223 1472 (t),

213 1502 291 1572 haeo
314 1501 561 1574 tantummodo
590 1502 788 1574 inseruisse
817 1511 851 1574 et
871 1503 942 1574 aori
970 1505 1126 1594 quadam
1161 1525 1225 1576 ex·

213 1625 390 1717 pressisse
419 1626 548 1715 figura,
581 1626 836 1699 schematismo
866 1629 1029 1702 videlieet
1063 1629 1224 1720 ptritoso-

213 1751 333 1842 phion.
355 1750 479 1841 Neque
502 1751 601 1823 atiud
617 1752 814 1843 quidquam
831 1753 979 1825 forsitan
1000 1754 1047 1826 ibi
1070 1755 1225 1846 reperias

212 1879 321 1965 atque
349 1876 474 1966 primae
504 1895 546 1948 ae
571 1876 769 1948 notissimae
798 1877 893 1949 itlius
927 1879 1099 1950 orationis
1129 1899 1225 1950 som-

214 2019 308 2071 mam
343 2019 364 2071 a
395 2000 534 2073 Nerone
579 2001 625 2072 ad
665 1999 789 2073 Patres
830 2002 976 2091 habitae,
1006 2005 1164 2094 alioquin
1203 2025 1224 2075 a

212 2123 250 2194 L.
274 2121 409 2196 Annaeo
425 2126 632 2216 compositae
653 2123 715 2222 (ἓ).

261 2248 331 2321 Sed
347 2267 403 2320 me
429 2268 547 2340 neque
576 2251 644 2321 hoo
664 2250 757 2322 iatlit
776 2252 982 2343 opinionem
1012 2252 1159 2325 Seoeuae
1180 2254 1224 2326 de

209 2375 348 2465 imperii
369 2375 475 2446 unius
497 2375 712 2448 necessitate
724 2376 886 2449 eivitihus
902 2377 1224 2466 motibus,Nerone

208 2499 436 2591 interempto,
453 2499 565 2573 [uisse
584 2501 845 2574 confirmatam.
868 2501 1034 2593 Respioio
1052 2503 1158 2574 etiam
1177 2499 1223 2598 (3)

209 2624 407 2696 demissum
430 2644 473 2696 ao
492 2625 689 2717 projectum
710 2633 875 2698 senatum
907 2627 1005 2699 iilum
1040 2633 1075 2700 et
1104 2635 1224 2700 auoto-

208 2749 324 2822 ritatis
357 2756 554 2840 expertem,
584 2752 821 2842 praetorianos
855 2753 987 2824 milites
1016 2753 1219 2838 seditiosos,

208 2874 348 2966 piebem
366 2875 515 2947 inertem
537 2882 572 2947 et
595 2876 827 2966 magistratus
841 2877 1006 2968 jamjam,
1018 2878 1121 2949 siouti
1138 2876 1222 2949 Caio

207 3001 398 3088 trucidato,
426 3001 617 3091 perituros
648 3001 751 3091 Atqui
769 3001 811 3072 de
835 3003 1016 3074 clementio
1038 3002 1219 3092 dialogum

207 3125 364 3197 oessauti
384 3125 571 3215 paniolum
594 3131 768 3213 monstro,
791 3127 856 3198 sed
885 3133 921 3198 et
951 3127 1102 3198 minanti
1122 3127 1221 3198 diea-

208 3256 281 3332 tum
299 3268 380 3320 esse
402 3249 648 3321 animadverto
664 3273 672 3337 ;
691 3251 814 3339 quanti
834 3251 922 3322 toret
940 3270 1110 3323 romanus
1140 3271 1222 3323 sau-

208 3374 289 3462 guis
307 3393 377 3444 non
395 3373 484 3444 satis
502 3374 613 3446 inisse
647 3372 852 3446 Caesaribus
874 3375 1092 3448 intellectum
1110 3399 1118 3463 ;
1149 3376 1221 3447 ete-

209 3499 380 3570 mentiam
401 3498 557 3589 denique
586 3517 667 3571 esse
699 3499 842 3571 verbum
877 3501 980 3572 unire
1001 3501 1222 3591 temporibus
1261 3542 1265 3548 s

241 3805 276 3868 (Ι)
294 3805 331 3855 uf.
347 3805 375 3856 V.
398 3805 495 3869 Duruy,
511 3803 577 3856 Htsr.
602 3805 645 3856 des
672 3804 806 3868 uenturas,
826 3808 886 3858 ¹7¹m
908 3807 1016 3871 seriem,
1041 3821 1067 3872 p.
1087 3807 1143 3870 968,
1168 3807 1222 3869 269,

208 3886 252 3935 ⁹271
272 3889 298 3936 ot
313 3888 392 3950 caput
406 3886 504 3947 Lxxn,
521 3885 576 3938 init.

242 3975 275 4038 (a)
293 3974 331 4024 Cf.
348 3974 410 4025 Tac.
427 3974 589 4038 Ann.,x[11‚
607 3979 632 4038 t,
647 3979 674 4027 et
690 3978 759 4028 Suet.
777 3977 855 4040 Nera,
872 3979 917 4028 10:
937 3977 999 4028 unx
1018 3978 1126 4044 Augusti
1139 3991 1221 4043 praes-

211 4055 294 4120 cripto
308 4055 498 4119 imperaturum
511 4069 540 4107 se
556 4057 707 4121 professus.
721 4077 732 4101 n

243 4145 281 4207 (3).
293 4143 332 4196 Gi.
350 4143 466 4205 Diderot,
481 4158 526 4210 op.
544 4147 604 4207 cit..
617 4160 642 4210 p.
660 4147 715 4198 tm.
