<?xml version="1.0" encoding="UTF-8"?>
<!DOCTYPE html PUBLIC "-//W3C//DTD XHTML 1.0 Transitional//EN"
    "http://www.w3.org/TR/xhtml1/DTD/xhtml1-transitional.dtd">
<html xmlns="http://www.w3.org/1999/xhtml" xml:lang="en" lang="en">
 <head>
  <title>
</title>
<meta http-equiv="Content-Type" content="text/html;charset=utf-8" />
  <meta name='ocr-system' content='tesseract 3.04.00' />
  <meta name='ocr-capabilities' content='ocr_page ocr_carea ocr_par ocr_line ocrx_word'/>
</head>
<body>
  <div class='ocr_page' id='page_1' title='image "./quiddeclementia00dorigoog_0093.png"; bbox 0 0 3062 4942; ppageno 0'>
   <div class='ocr_carea' id='block_1_1' title="bbox 315 595 1332 2574">
    <p class='ocr_par' dir='ltr' id='par_1_1' title="bbox 726 595 919 667">
     <span class='ocr_line' id='line_1_1' title="bbox 726 595 919 667; baseline 0.01 -21"><span class='ocrx_word' id='word_1_1' title='bbox 726 635 774 646; x_wconf 80' lang='grc'>-</span> <span class='ocrx_word' id='word_1_2' title='bbox 800 595 847 667; x_wconf 71' lang='lat' dir='ltr'>gp</span> <span class='ocrx_word' id='word_1_3' title='bbox 873 635 919 648; x_wconf 84' lang='grc'>.-</span> 
     </span>
    </p>

    <p class='ocr_par' dir='ltr' id='par_1_2' title="bbox 315 743 1332 2574">
     <span class='ocr_line' id='line_1_2' title="bbox 317 743 1329 845; baseline 0.004 -24"><span class='ocrx_word' id='word_1_4' title='bbox 317 743 545 844; x_wconf 66' lang='lat' dir='ltr'>emulamini,</span> <span class='ocrx_word' id='word_1_5' title='bbox 568 756 630 821; x_wconf 86' lang='lat' dir='ltr'>aut</span> <span class='ocrx_word' id='word_1_6' title='bbox 661 768 704 820; x_wconf 85' lang='lat' dir='ltr'>er</span> <span class='ocrx_word' id='word_1_7' title='bbox 738 749 897 839; x_wconf 86' lang='lat' dir='ltr'>quinque</span> <span class='ocrx_word' id='word_1_8' title='bbox 925 749 1008 821; x_wconf 88' lang='lat' dir='ltr'>liliis</span> <span class='ocrx_word' id='word_1_9' title='bbox 1043 770 1154 822; x_wconf 91' lang='lat' dir='ltr'>unum</span> <span class='ocrx_word' id='word_1_10' title='bbox 1188 751 1329 845; x_wconf 86' lang='lat' dir='ltr'>Pythio,</span> 
     </span>
     <span class='ocr_line' id='line_1_3' title="bbox 316 873 1327 966; baseline 0.002 -20"><span class='ocrx_word' id='word_1_11' title='bbox 316 876 353 946; x_wconf 91' lang='lat' dir='ltr'>in</span> <span class='ocrx_word' id='word_1_12' title='bbox 367 882 487 966; x_wconf 91' lang='lat' dir='ltr'>partes</span> <span class='ocrx_word' id='word_1_13' title='bbox 507 875 599 946; x_wconf 89' lang='lat' dir='ltr'>duas</span> <span class='ocrx_word' id='word_1_14' title='bbox 615 873 824 946; x_wconf 92' lang='lat' dir='ltr'>distractum</span> <span class='ocrx_word' id='word_1_15' title='bbox 865 874 911 945; x_wconf 89' lang='lat' dir='ltr'>ab</span> <span class='ocrx_word' id='word_1_16' title='bbox 946 881 1097 965; x_wconf 86' lang='lat' dir='ltr'>utroque</span> <span class='ocrx_word' id='word_1_17' title='bbox 1115 875 1180 948; x_wconf 74' lang='lat' dir='ltr'>viae</span> <span class='ocrx_word' id='word_1_18' title='bbox 1201 876 1327 964; x_wconf 88' lang='lat' dir='ltr'>latere,</span> 
     </span>
     <span class='ocr_line' id='line_1_4' title="bbox 317 997 1329 1091; baseline -0.001 -20"><span class='ocrx_word' id='word_1_19' title='bbox 317 1001 579 1091; x_wconf 72' lang='lat' dir='ltr'>permittentem</span> <span class='ocrx_word' id='word_1_20' title='bbox 595 999 766 1084; x_wconf 83' lang='lat' dir='ltr'>Xerxom;</span> <span class='ocrx_word' id='word_1_21' title='bbox 800 999 924 1088; x_wconf 79' lang='lat' dir='ltr'>iamet</span> <span class='ocrx_word' id='word_1_22' title='bbox 941 1018 984 1070; x_wconf 82' lang='lat' dir='ltr'>ex</span> <span class='ocrx_word' id='word_1_23' title='bbox 1016 997 1216 1072; x_wconf 82' lang='lat' dir='ltr'>Aristotelis</span> <span class='ocrx_word' id='word_1_24' title='bbox 1248 1002 1329 1072; x_wconf 91' lang='lat' dir='ltr'>sino</span> 
     </span>
     <span class='ocr_line' id='line_1_5' title="bbox 317 1122 1329 1217; baseline 0 -21"><span class='ocrx_word' id='word_1_25' title='bbox 317 1143 438 1214; x_wconf 82' lang='lat' dir='ltr'>regom</span> <span class='ocrx_word' id='word_1_26' title='bbox 458 1123 696 1197; x_wconf 76' lang='lat' dir='ltr'>Alexandrum</span> <span class='ocrx_word' id='word_1_27' title='bbox 714 1122 802 1195; x_wconf 88' lang='lat' dir='ltr'>Clito</span> <span class='ocrx_word' id='word_1_28' title='bbox 819 1129 983 1210; x_wconf 84' lang='lat' dir='ltr'>mortem,</span> <span class='ocrx_word' id='word_1_29' title='bbox 1005 1122 1147 1196; x_wconf 90' lang='lat' dir='ltr'>leonem</span> <span class='ocrx_word' id='word_1_30' title='bbox 1163 1125 1329 1217; x_wconf 83' lang='lat' dir='ltr'>Lysima-</span> 
     </span>
     <span class='ocr_line' id='line_1_6' title="bbox 318 1246 1329 1345; baseline 0 -25"><span class='ocrx_word' id='word_1_31' title='bbox 318 1249 385 1320; x_wconf 88' lang='lat' dir='ltr'>clro</span> <span class='ocrx_word' id='word_1_32' title='bbox 402 1246 463 1345; x_wconf 57' lang='grc' dir='ltr'>(ἓ),</span> <span class='ocrx_word' id='word_1_33' title='bbox 494 1249 641 1339; x_wconf 81' lang='lat' dir='ltr'>iamque</span> <span class='ocrx_word' id='word_1_34' title='bbox 675 1248 924 1340; x_wconf 73' lang='lat' dir='ltr'>Lysimachum</span> <span class='ocrx_word' id='word_1_35' title='bbox 940 1248 1158 1340; x_wconf 79' lang='lat' dir='ltr'>Telesphoro</span> <span class='ocrx_word' id='word_1_36' title='bbox 1184 1269 1329 1322; x_wconf 88' lang='lat' dir='ltr'>caream</span> 
     </span>
     <span class='ocr_line' id='line_1_7' title="bbox 318 1374 1332 1464; baseline -0.002 -16"><span class='ocrx_word' id='word_1_37' title='bbox 318 1375 498 1448; x_wconf 79' lang='lat' dir='ltr'>otiantem</span> <span class='ocrx_word' id='word_1_38' title='bbox 530 1381 565 1446; x_wconf 92' lang='lat' dir='ltr'>et</span> <span class='ocrx_word' id='word_1_39' title='bbox 595 1374 812 1464; x_wconf 84' lang='lat' dir='ltr'>exquisitum</span> <span class='ocrx_word' id='word_1_40' title='bbox 847 1375 1026 1445; x_wconf 91' lang='lat' dir='ltr'>cruciatus</span> <span class='ocrx_word' id='word_1_41' title='bbox 1060 1375 1205 1447; x_wconf 95' lang='lat' dir='ltr'>modum</span> <span class='ocrx_word' id='word_1_42' title='bbox 1239 1375 1332 1448; x_wconf 94' lang='lat' dir='ltr'>indi·</span> 
     </span>
     <span class='ocr_line' id='line_1_8' title="bbox 318 1497 1329 1594; baseline 0 -22"><span class='ocrx_word' id='word_1_43' title='bbox 318 1508 456 1573; x_wconf 89' lang='lat' dir='ltr'>centem</span> <span class='ocrx_word' id='word_1_44' title='bbox 476 1497 535 1594; x_wconf 85' lang='grc'>(3).</span> <span class='ocrx_word' id='word_1_45' title='bbox 560 1498 651 1584; x_wconf 86' lang='lat' dir='ltr'>Quin</span> <span class='ocrx_word' id='word_1_46' title='bbox 669 1506 704 1570; x_wconf 90' lang='lat' dir='ltr'>et</span> <span class='ocrx_word' id='word_1_47' title='bbox 734 1500 866 1588; x_wconf 78' lang='lat' dir='ltr'>legonti</span> <span class='ocrx_word' id='word_1_48' title='bbox 905 1500 1057 1570; x_wconf 90' lang='lat' dir='ltr'>occurrit</span> <span class='ocrx_word' id='word_1_49' title='bbox 1090 1500 1188 1573; x_wconf 92' lang='lat' dir='ltr'>aliud</span> <span class='ocrx_word' id='word_1_50' title='bbox 1222 1509 1329 1592; x_wconf 89' lang='lat' dir='ltr'>atque</span> 
     </span>
     <span class='ocr_line' id='line_1_9' title="bbox 318 1619 1330 1718; baseline 0 -22"><span class='ocrx_word' id='word_1_51' title='bbox 318 1625 415 1698; x_wconf 92' lang='lat' dir='ltr'>aliud</span> <span class='ocrx_word' id='word_1_52' title='bbox 455 1625 605 1696; x_wconf 84' lang='lat' dir='ltr'>toritatis</span> <span class='ocrx_word' id='word_1_53' title='bbox 634 1624 886 1696; x_wconf 83' lang='lat' dir='ltr'>documentum</span> <span class='ocrx_word' id='word_1_54' title='bbox 911 1619 979 1718; x_wconf 81' lang='lat' dir='ltr'>(l):</span> <span class='ocrx_word' id='word_1_55' title='bbox 1018 1625 1085 1696; x_wconf 89' lang='lat' dir='ltr'>sod</span> <span class='ocrx_word' id='word_1_56' title='bbox 1111 1624 1200 1697; x_wconf 92' lang='lat' dir='ltr'>illud</span> <span class='ocrx_word' id='word_1_57' title='bbox 1233 1626 1330 1716; x_wconf 84' lang='lat' dir='ltr'>luget</span> 
     </span>
     <span class='ocr_line' id='line_1_10' title="bbox 318 1749 1329 1841; baseline -0.001 -18"><span class='ocrx_word' id='word_1_58' title='bbox 318 1751 455 1824; x_wconf 86' lang='lat' dir='ltr'>Seneca</span> <span class='ocrx_word' id='word_1_59' title='bbox 471 1749 545 1840; x_wconf 88' lang='lat' dir='ltr'>jam</span> <span class='ocrx_word' id='word_1_60' title='bbox 567 1750 612 1820; x_wconf 91' lang='lat' dir='ltr'>ab</span> <span class='ocrx_word' id='word_1_61' title='bbox 629 1769 703 1821; x_wconf 82' lang='lat' dir='ltr'>mro</span> <span class='ocrx_word' id='word_1_62' title='bbox 720 1749 875 1841; x_wconf 74' lang='lat' dir='ltr'>Syllana</span> <span class='ocrx_word' id='word_1_63' title='bbox 895 1749 1116 1821; x_wconf 81' lang='lat' dir='ltr'>crudelitatis</span> <span class='ocrx_word' id='word_1_64' title='bbox 1137 1770 1210 1822; x_wconf 94' lang='lat' dir='ltr'>non</span> <span class='ocrx_word' id='word_1_65' title='bbox 1230 1771 1329 1822; x_wconf 92' lang='lat' dir='ltr'>man-</span> 
     </span>
     <span class='ocr_line' id='line_1_11' title="bbox 317 1874 1327 1965; baseline 0.002 -19"><span class='ocrx_word' id='word_1_66' title='bbox 317 1877 408 1948; x_wconf 88' lang='lat' dir='ltr'>sisse</span> <span class='ocrx_word' id='word_1_67' title='bbox 430 1876 602 1948; x_wconf 74' lang='lat' dir='ltr'>saevitiam</span> <span class='ocrx_word' id='word_1_68' title='bbox 625 1875 717 1946; x_wconf 89' lang='lat' dir='ltr'>inter</span> <span class='ocrx_word' id='word_1_69' title='bbox 737 1876 925 1965; x_wconf 81' lang='lat' dir='ltr'>peregrina</span> <span class='ocrx_word' id='word_1_70' title='bbox 940 1874 1120 1965; x_wconf 84' lang='lat' dir='ltr'>exempla,</span> <span class='ocrx_word' id='word_1_71' title='bbox 1137 1877 1327 1948; x_wconf 87' lang='lat' dir='ltr'>transiisse</span> 
     </span>
     <span class='ocr_line' id='line_1_12' title="bbox 317 1991 1326 2086; baseline -0.001 -14"><span class='ocrx_word' id='word_1_72' title='bbox 317 2008 440 2073; x_wconf 83' lang='lat' dir='ltr'>contra</span> <span class='ocrx_word' id='word_1_73' title='bbox 460 2001 496 2071; x_wconf 93' lang='lat' dir='ltr'>in</span> <span class='ocrx_word' id='word_1_74' title='bbox 534 2018 704 2071; x_wconf 93' lang='lat' dir='ltr'>romanos</span> <span class='ocrx_word' id='word_1_75' title='bbox 725 2018 856 2086; x_wconf 87' lang='lat' dir='ltr'>mores,</span> <span class='ocrx_word' id='word_1_76' title='bbox 891 2018 970 2070; x_wconf 93' lang='lat' dir='ltr'>cum</span> <span class='ocrx_word' id='word_1_77' title='bbox 1007 1998 1089 2069; x_wconf 89' lang='lat' dir='ltr'>aliis</span> <span class='ocrx_word' id='word_1_78' title='bbox 1117 1991 1326 2073; x_wconf 82' lang='lat' dir='ltr'>adventiciis</span> 
     </span>
     <span class='ocr_line' id='line_1_13' title="bbox 315 2125 1325 2216; baseline 0 -19"><span class='ocrx_word' id='word_1_79' title='bbox 315 2127 408 2197; x_wconf 87' lang='lat' dir='ltr'>vitiis</span> <span class='ocrx_word' id='word_1_80' title='bbox 427 2133 462 2197; x_wconf 88' lang='lat' dir='ltr'>et</span> <span class='ocrx_word' id='word_1_81' title='bbox 478 2125 732 2216; x_wconf 87' lang='lat' dir='ltr'>suppliciorum</span> <span class='ocrx_word' id='word_1_82' title='bbox 752 2125 958 2215; x_wconf 88' lang='lat' dir='ltr'>irarumque</span> <span class='ocrx_word' id='word_1_83' title='bbox 976 2125 1156 2198; x_wconf 84' lang='lat' dir='ltr'>barbaria.</span> <span class='ocrx_word' id='word_1_84' title='bbox 1187 2126 1325 2198; x_wconf 88' lang='lat' dir='ltr'>Etenim</span> 
     </span>
     <span class='ocr_line' id='line_1_14' title="bbox 316 2249 1325 2340; baseline -0.002 -16"><span class='ocrx_word' id='word_1_85' title='bbox 316 2251 354 2324; x_wconf 87' lang='lat' dir='ltr'>C.</span> <span class='ocrx_word' id='word_1_86' title='bbox 398 2249 574 2322; x_wconf 84' lang='lat' dir='ltr'>Caesarem</span> <span class='ocrx_word' id='word_1_87' title='bbox 617 2250 804 2340; x_wconf 90' lang='lat' dir='ltr'>imprimis,</span> <span class='ocrx_word' id='word_1_88' title='bbox 850 2249 1029 2322; x_wconf 89' lang='lat' dir='ltr'>Tiberium</span> <span class='ocrx_word' id='word_1_89' title='bbox 1075 2258 1195 2322; x_wconf 90' lang='lat' dir='ltr'>autem</span> <span class='ocrx_word' id='word_1_90' title='bbox 1238 2258 1325 2322; x_wconf 92' lang='lat' dir='ltr'>nutn</span> 
     </span>
     <span class='ocr_line' id='line_1_15' title="bbox 315 2375 1324 2467; baseline -0.001 -19"><span class='ocrx_word' id='word_1_91' title='bbox 315 2383 453 2448; x_wconf 88' lang='lat' dir='ltr'>tantrrm</span> <span class='ocrx_word' id='word_1_92' title='bbox 490 2375 824 2466; x_wconf 83' lang='lat' dir='ltr'>significationeque</span> <span class='ocrx_word' id='word_1_93' title='bbox 865 2377 1023 2467; x_wconf 89' lang='lat' dir='ltr'>appellat</span> <span class='ocrx_word' id='word_1_94' title='bbox 1051 2383 1085 2448; x_wconf 90' lang='lat' dir='ltr'>et</span> <span class='ocrx_word' id='word_1_95' title='bbox 1121 2377 1255 2467; x_wconf 86' lang='lat' dir='ltr'>prolcrt</span> <span class='ocrx_word' id='word_1_96' title='bbox 1288 2378 1324 2447; x_wconf 97' lang='lat' dir='ltr'>in</span> 
     </span>
     <span class='ocr_line' id='line_1_16' title="bbox 315 2501 487 2574; baseline -0.006 -2"><span class='ocrx_word' id='word_1_97' title='bbox 315 2501 487 2574; x_wconf 89' lang='lat' dir='ltr'>medium.</span> 
     </span>
    </p>
   </div>
   <div class='ocr_carea' id='block_1_2' title="bbox 312 2915 1328 3637">
    <p class='ocr_par' dir='ltr' id='par_1_3' title="bbox 312 2915 1324 3382">
     <span class='ocr_line' id='line_1_17' title="bbox 362 2915 1324 3013; baseline 0.008 -27"><span class='ocrx_word' id='word_1_98' title='bbox 362 2915 518 2987; x_wconf 92' lang='lat' dir='ltr'>Primum</span> <span class='ocrx_word' id='word_1_99' title='bbox 540 2918 647 3007; x_wconf 81' lang='lat' dir='ltr'>igitur</span> <span class='ocrx_word' id='word_1_100' title='bbox 662 2919 748 3007; x_wconf 86' lang='lat' dir='ltr'>quid</span> <span class='ocrx_word' id='word_1_101' title='bbox 764 2920 800 2989; x_wconf 93' lang='lat' dir='ltr'>in</span> <span class='ocrx_word' id='word_1_102' title='bbox 820 2925 943 2991; x_wconf 93' lang='lat' dir='ltr'>nostro</span> <span class='ocrx_word' id='word_1_103' title='bbox 974 2919 1117 3010; x_wconf 82' lang='lat' dir='ltr'>dialogo</span> <span class='ocrx_word' id='word_1_104' title='bbox 1142 2923 1324 3013; x_wconf 90' lang='lat' dir='ltr'>scripserit</span> 
     </span>
     <span class='ocr_line' id='line_1_18' title="bbox 313 3040 1318 3135; baseline 0.005 -22"><span class='ocrx_word' id='word_1_105' title='bbox 313 3043 356 3113; x_wconf 91' lang='lat' dir='ltr'>dc</span> <span class='ocrx_word' id='word_1_106' title='bbox 374 3040 411 3113; x_wconf 88' lang='lat' dir='ltr'>C.</span> <span class='ocrx_word' id='word_1_107' title='bbox 426 3040 566 3114; x_wconf 89' lang='lat' dir='ltr'>Caesare</span> <span class='ocrx_word' id='word_1_108' title='bbox 577 3044 855 3116; x_wconf 85' lang='lat' dir='ltr'>memorabimus</span> <span class='ocrx_word' id='word_1_109' title='bbox 868 3046 1122 3135; x_wconf 80' lang='lat' dir='ltr'>ctoolligemus</span> <span class='ocrx_word' id='word_1_110' title='bbox 1133 3047 1170 3117; x_wconf 93' lang='lat' dir='ltr'>in</span> <span class='ocrx_word' id='word_1_111' title='bbox 1185 3065 1318 3118; x_wconf 94' lang='lat' dir='ltr'>unum:</span> 
     </span>
     <span class='ocr_line' id='line_1_19' title="bbox 312 3167 1321 3263; baseline 0.007 -26"><span class='ocrx_word' id='word_1_112' title='bbox 312 3167 394 3238; x_wconf 90' lang='lat' dir='ltr'>dein</span> <span class='ocrx_word' id='word_1_113' title='bbox 429 3185 508 3239; x_wconf 90' lang='lat' dir='ltr'>cum</span> <span class='ocrx_word' id='word_1_114' title='bbox 542 3168 609 3240; x_wconf 87' lang='lat' dir='ltr'>lrac</span> <span class='ocrx_word' id='word_1_115' title='bbox 638 3168 794 3258; x_wconf 81' lang='lat' dir='ltr'>imagine</span> <span class='ocrx_word' id='word_1_116' title='bbox 842 3171 992 3242; x_wconf 90' lang='lat' dir='ltr'>alterum</span> <span class='ocrx_word' id='word_1_117' title='bbox 1038 3173 1179 3262; x_wconf 87' lang='lat' dir='ltr'>tyranni</span> <span class='ocrx_word' id='word_1_118' title='bbox 1217 3173 1321 3263; x_wconf 89' lang='lat' dir='ltr'>quasi</span> 
     </span>
     <span class='ocr_line' id='line_1_20' title="bbox 312 3293 747 3382; baseline 0.002 -20"><span class='ocrx_word' id='word_1_119' title='bbox 312 3293 747 3382; x_wconf 83' lang='lat' dir='ltr'>exemplarconlercmus.</span> 
     </span>
    </p>

    <p class='ocr_par' dir='ltr' id='par_1_4' title="bbox 312 3417 1328 3637">
     <span class='ocr_line' id='line_1_21' title="bbox 356 3417 1328 3513; baseline -0.001 -26"><span class='ocrx_word' id='word_1_120' title='bbox 356 3417 491 3507; x_wconf 88' lang='lat' dir='ltr'>Nempe</span> <span class='ocrx_word' id='word_1_121' title='bbox 520 3436 599 3488; x_wconf 90' lang='lat' dir='ltr'>cum</span> <span class='ocrx_word' id='word_1_122' title='bbox 635 3420 669 3489; x_wconf 92' lang='lat' dir='ltr'>in</span> <span class='ocrx_word' id='word_1_123' title='bbox 699 3419 814 3508; x_wconf 91' lang='lat' dir='ltr'>primo</span> <span class='ocrx_word' id='word_1_124' title='bbox 835 3420 964 3510; x_wconf 91' lang='lat' dir='ltr'>prioris</span> <span class='ocrx_word' id='word_1_125' title='bbox 997 3420 1077 3492; x_wconf 87' lang='lat' dir='ltr'>libri</span> <span class='ocrx_word' id='word_1_126' title='bbox 1108 3423 1224 3513; x_wconf 88' lang='lat' dir='ltr'>capite</span> <span class='ocrx_word' id='word_1_127' title='bbox 1244 3423 1328 3494; x_wconf 80' lang='lat' dir='ltr'>ani.</span> 
     </span>
     <span class='ocr_line' id='line_1_22' title="bbox 312 3541 1319 3637; baseline 0.005 -25"><span class='ocrx_word' id='word_1_128' title='bbox 312 3541 498 3614; x_wconf 88' lang='lat' dir='ltr'>madrortit</span> <span class='ocrx_word' id='word_1_129' title='bbox 528 3543 761 3616; x_wconf 75' lang='lat' dir='ltr'>ostendendae</span> <span class='ocrx_word' id='word_1_130' title='bbox 794 3563 856 3634; x_wconf 91' lang='lat' dir='ltr'>per</span> <span class='ocrx_word' id='word_1_131' title='bbox 890 3551 1041 3617; x_wconf 90' lang='lat' dir='ltr'>terrores</span> <span class='ocrx_word' id='word_1_132' title='bbox 1074 3548 1243 3637; x_wconf 77' lang='lat' dir='ltr'>potentia</span> <span class='ocrx_word' id='word_1_133' title='bbox 1267 3547 1319 3618; x_wconf 90' lang='lat' dir='ltr'>di-</span> 
     </span>
    </p>
   </div>
   <div class='ocr_carea' id='block_1_3' title="bbox 338 3863 627 4018">
    <p class='ocr_par' dir='ltr' id='par_1_5' title="bbox 338 3863 627 4018">
     <span class='ocr_line' id='line_1_23' title="bbox 340 3863 627 3926; baseline 0.017 -14"><span class='ocrx_word' id='word_1_134' title='bbox 340 3863 627 3926; x_wconf 54' lang='lat' dir='ltr'>ssflffldfflffi&amp;</span> 
     </span>
     <span class='ocr_line' id='line_1_24' title="bbox 338 3951 627 4018; baseline 0.017 -17"><span class='ocrx_word' id='word_1_135' title='bbox 338 3952 372 4014; x_wconf 60' lang='grc' dir='ltr'>(ἓ)</span> <span class='ocrx_word' id='word_1_136' title='bbox 391 3951 461 4004; x_wconf 80' lang='lat' dir='ltr'>Ibr&#39;rt.</span> <span class='ocrx_word' id='word_1_137' title='bbox 481 3954 525 4018; x_wconf 87' lang='lat' dir='ltr'>tlt,</span> <span class='ocrx_word' id='word_1_138' title='bbox 546 3957 584 4006; x_wconf 85' lang='grc' dir='ltr'>Π.</span> <span class='ocrx_word' id='word_1_139' title='bbox 601 3956 627 4006; x_wconf 89' lang='grc'>3.</span> 
     </span>
    </p>
   </div>
   <div class='ocr_carea' id='block_1_4' title="bbox 337 4040 1058 4197">
    <p class='ocr_par' dir='ltr' id='par_1_6' title="bbox 337 4040 1058 4197">
     <span class='ocr_line' id='line_1_25' title="bbox 337 4040 1058 4110; baseline 0.01 -19"><span class='ocrx_word' id='word_1_140' title='bbox 337 4040 1058 4110; x_wconf 41' lang='grc' dir='ltr'>ωΜώΛψηᾶἏ-αωπωωὴῆᾑ</span> 
     </span>
     <span class='ocr_line' id='line_1_26' title="bbox 337 4129 648 4197; baseline 0.016 -18"><span class='ocrx_word' id='word_1_141' title='bbox 337 4131 371 4193; x_wconf 83' lang='lat' dir='ltr'>(l)</span> <span class='ocrx_word' id='word_1_142' title='bbox 390 4129 472 4194; x_wconf 69' lang='lat' dir='ltr'>totu..</span> <span class='ocrx_word' id='word_1_143' title='bbox 491 4132 534 4195; x_wconf 87' lang='lat' dir='ltr'>lll,</span> <span class='ocrx_word' id='word_1_144' title='bbox 552 4133 590 4197; x_wconf 65' lang='lat'>20,</span> <span class='ocrx_word' id='word_1_145' title='bbox 608 4132 648 4184; x_wconf 79' lang='lat' dir='ltr'>tt.</span> 
     </span>
    </p>
   </div>
   <div class='ocr_carea' id='block_1_5' title="bbox 0 0 1536 4942">
    <p class='ocr_par' dir='ltr' id='par_1_7' title="bbox 0 0 1536 4942">
     <span class='ocr_line' id='line_1_27' title="bbox 0 0 1536 4942; baseline 0 2"><span class='ocrx_word' id='word_1_146' title='bbox 0 0 1536 4942; x_wconf 95' lang='lat' dir='ltr'> </span> 
     </span>
    </p>
   </div>
  </div>
 </body>
</html>
