3080 4948
697 557 892 628 -57.-

284 708 493 782 haudaliter
506 707 633 780 attinet
652 713 760 798 atque
779 713 919 782 ceteros
940 707 1290 803 imperatoresque

282 833 455 926 principis
475 832 580 904 estin
599 850 673 905 rem
694 850 880 904 romanam
900 834 1049 908 hostiles
1066 841 1194 926 gentes
1210 856 1302 929 pau-

281 957 342 1030 la'
475 975 558 1048 pere
579 963 687 1046 atque
708 957 888 1046 subigere.
918 957 1030 1030 lmmo
1060 978 1152 1050 quos
1192 980 1297 1051 reges

392 1083 463 1173 rpia
482 1081 572 1169 lieri,
602 1100 826 1171 quorumque
846 1082 952 1172 capiti
985 1083 1120 1173 regium
1145 1085 1299 1157 circom-

313 1207 359 1278 ri
383 1205 493 1278 decus
513 1210 692 1296 oporteret
723 1225 795 1276 non
829 1205 953 1278 lelullit
984 1207 1175 1298 Neronem,
1203 1228 1291 1301 quo-

281 1332 378 1402 niam
399 1331 468 1402 hoc
500 1331 633 1420 ipsum,
661 1329 721 1400 illo
748 1329 855 1402 etiam
885 1337 1058 1422 temporo,
1099 1333 1292 1408 accurabat

281 1455 516 1529 inhrmenia.

330 1579 446 1666 Quam
488 1579 631 1671 quidem
653 1586 866 1671 potestatem
884 1581 1098 1654 immensam
1133 1603 1294 1658 romanae

280 1706 381 1796 pacis
414 1705 603 1791 interesse,
644 1702 881 1794 eamdemque
916 1705 1067 1778 multum
1101 1706 1219 1778 valere
1249 1706 1296 1780 ad

280 1828 561 1918 consociandum
577 1847 692 1919 genus
710 1829 907 1900 humanum
942 1834 1040 1901 ratus
1065 1828 1203 1903 Seneca
1222 1849 1294 1902 non

279 1953 457 2027 Neronem
479 1959 618 2025 tantum
650 1951 851 2040 admonuit,
880 1953 945 2025 sed
982 1960 1017 2026 et
1049 1954 1130 2025 illos
1161 1954 1294 2045 quihus

279 2077 448 2150 fiduciam
464 2084 628 2150 excutere
644 2078 760 2168 potuit
788 2076 969 2150 Caesarum
1003 2061 1292 2170 intemperantia.

286 2230 302 2266 «
323 2202 491 2287 immitte,
521 2202 634 2287 nteit,
661 2201 784 2274 oculos
805 2202 841 2274 in
856 2203 951 2274 hano
969 2203 1185 2275 immensam
1207 2204 1297 2274 mul·

281 2325 470 2398 titudinem
499 2325 715 2412 discordem,
745 2325 969 2414 seditiosam,
990 2326 1240 2419 impotentem,
1257 2327 1295 2399 in

281 2449 476 2541 perniciem
498 2450 652 2522 alienam
675 2467 851 2539 suamque
872 2450 1003 2540 pariter
1020 2450 1294 2538 exsultaturam,

283 2575 313 2646 si
328 2576 396 2647 hoc
412 2575 538 2665 jugum
558 2575 703 2664 fregerit
719 2571 779 2670 (l).
809 2602 826 2639 »
858 2573 934 2648 Hoc
953 2575 1048 2647 enim
1068 2576 1298 2648 vehementer

283 2698 436 2772 allicitur
454 2699 552 2789 quod
583 2699 768 2772 hominnm
795 2700 900 2790 quasi
920 2718 1049 2790 corpus
1077 2718 1189 2772 unum
1219 2699 1296 2772 lieri

315 2853 321 2862 ·
354 2830 401 2897 st
418 2831 456 2896 ut
472 2843 623 2897 romana
645 2825 904 2917 compositione
924 2825 1194 2914 conglobatum,
1216 2825 1295 2897 haeo

289 2981 320 3016 1„
445 2955 480 3022 et
494 2951 552 3022 hic
569 2952 714 3022 maximi
735 2950 874 3042 imperii
896 2956 1083 3022 contextus
1117 2950 1153 3020 in
1175 2956 1295 3043 parles

441 3076 597 3162 issiliat‚
622 3075 726 3147 modo
748 3094 849 3147 norae
879 3094 935 3147 res
964 3074 1124 3146 oriantur
1146 3081 1207 3147 aut
1225 3075 1294 3146 im-

442 3200 564 3273 olades
589 3196 648 3296 (d).
678 3199 730 3272 An
751 3200 789 3271 Τ.
812 3200 930 3271 Livius
951 3200 1045 3271 mole
1066 3218 1133 3271 sua
1153 3199 1296 3271 lahora-

314 3483 347 3548 (Ι)
365 3482 401 3536 De
417 3484 511 3547 oleon,
529 3484 549 3547 l,
568 3486 590 3534 l.
614 3485 637 3534 l.

314 3581 352 3634 Gi.
370 3574 471 3638 Ἐπικτ.
492 3580 624 3657 drarprd„
640 3582 684 3644 ill,
703 3582 740 3632 13.
754 3581 788 3632 9:
806 3581 880 3654 ὁρᾶτε
898 3583 950 3657 γὰρ
968 3582 1007 3636 ὅτι
1027 3585 1129 3656 ripaeos
1147 3580 1262 3655 μεγάλην
1281 3580 1295 3633 ὁ

232 3663 233 3668 ’
283 3669 387 3738 Καῖσαρ
403 3667 464 3736 ἡμῖν
479 3661 553 3718 δοκεῖ
565 3665 702 3737 παρέχειν.
721 3689 750 3698 -
766 3663 793 3713 el
809 3661 853 3723 ΙΙΙ,
869 3661 908 3713 ΙΙ.
926 3663 965 3713 25.

316 3761 352 3826 (Ι)
369 3761 407 3812 (ΙΙ.
429 3759 464 3812 lle
482 3761 573 3824 olem,
592 3762 612 3824 Ι,
628 3762 656 3812 Ι,
676 3760 703 3811 2.

314 3849 353 3904 (tl.
369 3850 500 3906 Plutarchi
514 3851 548 3903 de
560 3851 665 3903 lorluna
675 3847 865 3910 Romanorum,
877 3849 918 3901 11:
932 3869 944 3895 ιι
960 3848 1032 3902 Sicut
1045 3849 1116 3902 enim
1127 3845 1229 3914 physici
1245 3851 1296 3900 lra-

226 3995 229 4002 ,
283 3931 358 3994 dunt,
368 3931 496 3984 mundum
507 3944 561 3984 non
573 3931 656 3984 luisse
666 3931 806 3991 mundum,
818 3943 907 3995 neone
918 3942 1032 3996 corpora
1041 3929 1160 3982 voluisse
1172 3927 1296 3980 coeuntia

282 4014 311 4064 el
324 4012 466 4065 commixta
481 4024 651 4064 communem
667 4025 700 4063 ex
713 4011 959 4062 omnihuslormam
975 4013 1076 4063 naturae
1091 4008 1228 4074 praebere:
1246 4006 1296 4059 sed

282 4091 339 4142 aliis
355 4091 444 4157 parvis
463 4092 617 4143 etiamnunc
637 4103 670 4142 ac
690 4090 803 4155 sparsim
822 4090 936 4156 agitatis,
951 4089 1248 4154 subterlabentibusque
1265 4089 1294 4139 et
