3080 4948
646 575 842 648 ..73-

238 725 1250 820 neqneillimagisquamdiistaediositinserrirecondi-

237 854 339 925 tioni.
363 853 560 925 «Aberrare
575 873 596 924 a
613 853 827 924 lurtunatna
844 872 915 923 non
930 859 1046 943 potes,
1069 882 1086 916 »
1113 854 1162 924 ait
1183 852 1248 925 Se·

238 997 344 1065 neca;
360 1005 377 1040 «
390 977 532 1049 obsidet
548 984 595 1064 te,
610 982 645 1049 et
660 995 888 1067 quocumque
900 975 1105 1064 descendis„
1119 995 1251 1066 magno

237 1108 413 1192 apparatu
428 1098 661 1196 sequitur(ll.
683 1129 699 1165 »
717 1100 919 1173 Caesaribus
937 1102 1047 1190 enim,
1065 1101 1250 1190 sicaniis,

237 1225 1250 1313 ‹lescenderenonrlatnmest.Utdirinaerationi,sicsoli

238 1352 347 1423 latere
358 1370 431 1422 non
442 1351 632 1440 contingit:
650 1379 666 1414 o
679 1349 830 1421 Prodire
849 1357 881 1421 te
897 1347 1212 1443 putas‘loririslbl.
1225 1378 1241 1414 »

285 1476 362 1548 Non
379 1476 488 1566 igitur
503 1495 524 1546 a
539 1476 722 1567 proposito
740 1475 925 1564 digressus
946 1482 1001 1546 est
1022 1475 1059 1546 L.
1077 1473 1251 1566 Annaeus,

237 1619 316 1672 cum
347 1601 397 1671 ita
427 1600 471 1671 de
502 1599 686 1690 republica
712 1609 820 1688 atque
848 1599 891 1671 de
920 1599 1148 1690 imperatorio
1178 1620 1254 1671 mu-

238 1744 321 1797 nere
342 1726 555 1797 sententiam
578 1724 758 1815 explicuit.
781 1723 1003 1796 Econtrario
1037 1742 1110 1796 rem
1134 1725 1250 1815 ipsam

236 1850 378 1941 premit,
397 1857 432 1921 et
453 1851 538 1938 quia
557 1850 807 1939 imperatorem
822 1848 994 1938 judicarit
1012 1867 1092 1920 osso
1112 1849 1253 1922 romani

238 1975 398 2065 corporis
440 1975 544 2064 quasi
585 1975 759 2059 animum,
791 1973 921 2045 idcirco
955 1973 1181 2045 clementiam
1220 1975 1252 2046 ei

240 2098 496 2170 commendat:
524 2125 538 2163 a
563 2097 599 2169 Si
627 2106 664 2169 tu
696 2099 839 2169 animus
869 2097 1075 2189 reipublice
1105 2104 1177 2170 tuae
1197 2118 1251 2186 ea,

238 2223 300 2293 illa
320 2241 450 2314 corpus
469 2229 584 2309 tuum,
610 2222 722 2309 videa,
741 2229 781 2294 ut
802 2228 901 2312 puto,
918 2241 1027 2311 quam
1048 2223 1254 2294 necessaria

238 2349 284 2419 sit
311 2348 501 2418 clementia
518 2343 578 2442 (3).
598 2375 613 2411 u
638 2347 885 2418 Necessarium
901 2352 1038 2427 ,autem
1069 2347 1166 2419 illam
1187 2349 1254 2418 vir·

237 2479 348 2543 tutem
385 2471 561 2542 rationale
595 2469 732 2560 aliquid
772 2475 807 2541 et
851 2469 982 2541 stabile
1027 2470 1102 2542 fieri
1144 2489 1252 2562 posse

237 2597 398 2684 censuit3
419 2601 527 2686 atque
543 2596 592 2666 ita
609 2594 749 2666 induxit
773 2595 976 2666 absolutum
1001 2603 1036 2667 et
1055 2596 1250 2686 perlectum

235 2724 487 2813 imperatorem
505 2722 572 2792 sub
600 2739 756 2811 persona
775 2720 926 2792 Neronis
952 2738 1073 2792 secum
1104 2722 1252 2812 loquen-

237 2855 306 2920 tem
326 2871 333 2918 :
359 2873 375 2909 κ
396 2844 454 2918 Sic
472 2865 528 2918 me
550 2845 713 2918 custodio
732 2851 904 2934 tanquam
926 2844 1081 2933 legibus,
1100 2865 1191 2935 quas
1207 2866 1250 2919 cx

236 2974 306 3044 situ
321 2991 363 3044 ac
380 2971 539 3043 tenebris
558 2971 593 3040 in
618 2970 733 3041 lucem
752 2969 924 3055 reuocari,
941 2969 1115 3041 rationem
1133 2971 1251 3043 reddi-

235 3105 336 3168 turus
364 3097 430 3168 sim
462 3091 561 3191 (4).»
594 3092 837 3167 Ciceronianae
872 3093 1016 3184 quinem
1059 3097 1248 3168 sententiae

235 3222 451 3294 sententiam
478 3220 774 3310 comparabilem,
796 3219 861 3290 sed
886 3219 993 3291 etiam
1012 3217 1141 3291 Stoicis
1156 3220 1250 3292 rele-

116 3427 118 3432 .
235 3347 398 3435 rendam,
420 3345 591 3435 quiaillis
610 3344 748 3435 iupiter
776 3350 832 3414 est
864 3344 920 3415 len
953 3341 1015 3438 (5).
1052 3342 1250 3418 Stoicorum

266 3585 301 3647 (1)
320 3582 355 3634 De
368 3582 456 3644 claua,
467 3582 520 3645 1,8.
536 3581 561 3632 Ξ.

266 3664 299 3727 (a)
317 3661 394 3726 nra,
409 3664 429 3725 1,
448 3664 472 3713 s.
490 3665 514 3713 r.

267 3744 302 3805 (3)
321 3745 356 3794 De
367 3741 453 3806 clena,
468 3743 488 3803 1,
504 3746 529 3794 ὅ.
547 3745 569 3793 l.

266 3826 301 3889 (l)
319 3823 480 3886 raia.‚1,r.
499 3824 524 3874 l.

266 3916 299 3979 (ll)
318 3914 356 3965 Cf.
372 3913 445 3965 Stob.
463 3911 518 3964 Ecl.
539 3912 572 3973 ll,
592 3912 608 3962 6
628 3911 708 3974 (178),
724 3909 854 3972 Meineke,
874 3913 893 3962 i.
911 3911 945 3972 ll,
963 3925 990 3976 p.
1009 3911 1053 3964 ta:
1071 3914 1114 3964 τόν
1129 3929 1157 3964 τι
1171 3913 1250 3983 νόμον

234 3991 381 4049 σπουδαῖον
391 3989 458 4048 εἶναι
468 4012 544 4066 φασι,
556 3992 631 4064 λόγον
642 3989 716 4064 ὀρθὸν
727 3990 791 4045 ὄντα
797 3995 986 4065 προστακτικὸν
996 3994 1042 4063 μὲν
1052 4000 1102 4044 τῶν
1110 3993 1247 4052 ποιητέων,

233 4074 437 4148 ἁπαγομυτικόν
451 4071 482 4127 ‹tt
494 4081 543 4126 τῶν
557 4071 587 4126 οὐ
604 4074 739 4131 ποιητέων.

264 4156 342 4220 Atqui
357 4152 430 4229 ὀρθὸς
442 4156 518 4227 λόγος
532 4153 575 4204 est
589 4151 661 4203 toris
677 4155 722 4202 aut
739 4149 786 4202 bei
803 4163 891 4204 meus.
