3080 4948
704 577 899 651 ..75-

296 728 429 822 aitll),
463 759 477 796 ι
509 751 581 803 non
601 730 655 801 ira
677 749 733 801 me
754 728 800 800 ad
828 729 954 820 iniqua
997 731 1175 822 supplicia
1213 751 1311 803 oom-

296 857 398 949 polu,
416 875 489 926 non
505 855 674 947 juvenilis
688 855 857 945 impetus,
876 873 947 926 non
972 857 1154 928 temeritas
1191 856 1308 926 homi-

296 1001 382 1052 nom
403 987 437 1052 ot
457 980 744 1066 contumacia...‚
774 998 846 1049 non
880 980 961 1070 ipsa
991 981 1218 1052 ostentandae
1244 999 1311 1070 per

296 1113 447 1179 terrores
464 1105 633 1196 potentiae
650 1104 727 1176 dira
744 1103 806 1176 sed
824 1103 993 1193 frequens
1014 1105 1157 1194 magnis
1187 1106 1310 1196 impe-

296 1230 358 1302 riis
393 1229 519 1319 gloria.
549 1257 564 1290 o
597 1229 689 1300 lram
729 1228 823 1300 enim
858 1229 1123 1320 quamprimum
1155 1236 1307 1321 spectat,

296 1355 332 1425 in
353 1355 442 1425 iram
464 1353 584 1443 dirigit
604 1353 779 1440 animum,
797 1351 842 1424 ad
870 1354 960 1424 iram
985 1353 1161 1425 Neronem
1185 1361 1310 1426 allen-

297 1492 371 1552 tum
404 1478 479 1552 lieri
522 1479 617 1566 rult;
666 1496 819 1567 cumque
855 1497 977 1549 rursus
1016 1487 1100 1550 ante
1135 1479 1308 1570 prinolpis

297 1605 420 1676 oculos
436 1623 543 1694 qoam
562 1603 631 1674 late
647 1602 792 1693 quidem
825 1610 944 1693 pateat
960 1601 1112 1675 Caesaris
1131 1610 1307 1695 poteslas,

298 1748 389 1819 uiros
406 1728 497 1800 lines
518 1735 641 1800 contra
662 1727 730 1798 sibi
746 1728 823 1818 ipse
840 1728 1020 1818 imponere
1049 1728 1191 1813 debeat,
1211 1727 1309 1800 haud

299 1855 406 1926 alium
429 1854 526 1944 prius
547 1853 712 1924 allectum
735 1854 976 1925 cohibendum
998 1872 1079 1925 esse
1095 1861 1219 1926 censet
1248 1859 1310 1925 aut

297 1997 505 2069 nuncupare
538 1978 728 2065 dignatur:
758 2005 774 2040 r<
802 1975 895 2062 Quid
923 1979 1016 2050 enim
1049 1985 1105 2049 est
1135 1998 1310 2052 memora-

298 2103 406 2176 bilius
424 2121 530 2192 quam
548 2121 644 2189 eum,
662 2102 764 2192 cujus
791 2103 853 2174 irae
882 2103 969 2174 nihil
1005 2103 1169 2176 obstat...
1202 2122 1306 2193 quem

298 2245 404 2300 nemo
436 2226 729 2317 interpellaturus
759 2233 824 2311 est,
863 2227 987 2313 immo,
1008 2227 1037 2298 si
1059 2229 1308 2300 vehementius

298 2351 502 2439 excanduit,
534 2370 580 2422 ne
613 2350 869 2441 deprecaturus
899 2351 1059 2440 quidem,
1092 2353 1210 2442 ipsum
1241 2353 1308 2424 sibi

298 2495 445 2548 manum
461 2477 606 2567 injicere
622 2484 657 2548 et
678 2481 853 2566 potestate
882 2496 949 2548 sua
977 2477 1013 2547 in
1049 2477 1177 2550 melius
1202 2478 1311 2569 plaui-

298 2601 452 2692 dlusque
478 2601 560 2672 uti?
586 2630 602 2663 »
624 2597 671 2696 (l)
696 2600 871 2672 Exhibere
903 2619 1050 2692 possum
1073 2608 1108 2674 el
1135 2602 1310 2673 nonnulla

298 2726 390 2815 lona,
423 2726 544 2816 qualia
582 2733 666 2797 sunt
705 2753 721 2790 «
755 2725 861 2797 irasci
895 2744 967 2796 non
1002 2734 1118 2818 potes
1154 2727 1225 2798 nisi
1273 2731 1311 2797 ut

299 2852 420 2923 omnia
435 2858 590 2923 tremant
615 2879 631 2915 »
661 2847 723 2945 (3),
755 2856 862 2940 atque
902 2878 918 2913 «
948 2851 1081 2924 morbis
1108 2851 1307 2939 medemur,

299 2994 370 3048 non
404 2975 634 3048 irascimur»
671 2971 739 3072 (llz
771 2976 914 3066 alioque
948 2975 1055 3066 liuius
1090 2975 1186 3048 modi
1214 2976 1308 3048 unde

299 3108 470 3192 appareat
489 3100 578 3171 nilril
600 3119 680 3172 esse
697 3100 848 3192 principi
882 3100 1073 3190 gloriosius
1095 3119 1203 3190 quam
1238 3120 1308 3173 non

298 3226 459 3318 prosilire
480 3226 634 3298 stimulis
651 3227 739 3298 suis.

347 3349 504 3424 Volrentl
525 3350 655 3422 deinde
679 3349 861 3439 dialogum
878 3351 977 3421 illum
1005 3351 1066 3440 qui
1095 3351 1137 3423 de
1156 3353 1212 3422 iro
1240 3351 1311 3421 ins-

298 3475 457 3562 cribitur,
489 3475 640 3547 occurrit
660 3474 855 3546 identidem
890 3476 1089 3547 clementiae
1125 3476 1306 3548 memoria.

297 3599 417 3674 Altera
447 3599 542 3673 enim
576 3601 677 3673 alleri
707 3601 921 3692 opponitur:
961 3627 977 3665 «
1004 3600 1098 3686 Quid
1127 3602 1178 3672 ira
1214 3601 1312 3672 labo-

330 3872 363 3936 (ll
379 3869 413 3924 oa
433 3869 524 3932 clem..
540 3871 560 3934 l,
577 3871 603 3921 l.
624 3870 651 3920 3.

331 3959 584 4028 (atlltd.,1,a.r.

330 4049 577 4117 fflmmssdd

330 4141 365 4204 (dt
383 4137 467 4202 told..
487 4139 506 4202 l,
525 4140 564 4190 ll.
587 4139 609 4190 l.
