3080 4948
645 639 840 717 ,77-

239 797 504 884 riosiusiQuid
523 799 713 871 elementia
734 799 950 870 rernissius?
979 828 995 864 n
1021 796 1071 895 (t)
1112 827 1129 864 r
1156 799 1248 900 iliud

238 945 380 1017 qnoque
398 925 550 997 ooeurrit
578 930 752 1014 qnantum
786 924 1110 996 commendationis
1142 925 1246 997 nobis

238 1052 390 1122 allatura
410 1050 456 1121 sit
471 1049 670 1122 oieurentiae
688 1049 829 1119 torna...
859 1045 952 1133 Quid
983 1057 1038 1122 est
1057 1050 1248 1140 gloriosius

236 1195 345 1266 quarn
366 1177 453 1246 iram
476 1151 639 1246 anrieitia¹
654 1179 790 1245 rnntare
817 1201 834 1237 a
860 1171 938 1267 (W
966 1176 1071 1246 Porro
1098 1193 1246 1247 anreurn

237 1311 402 1373 tenernus
442 1301 572 1381 iorum,
614 1299 784 1388 quoniarn
820 1299 856 1369 in
893 1299 1052 1371 seeundo
1083 1299 1172 1370 iihro
1205 1299 1249 1371 de

237 1425 457 1497 crudelitatis
473 1424 612 1513 origine
628 1423 725 1513 apud
747 1433 917 1514 tyrannos
947 1443 1145 1495 nrernoraro
1177 1424 1251 1496 ins-

236 1551 352 1622 titnit:
390 1577 406 1612 n
433 1547 500 1634 Qui
535 1548 638 1637 ruigo
663 1549 815 1620 saeviunt
835 1549 1061 1638 etsanguine
1091 1549 1250 1620 humano

198 1667 202 1672 ’
237 1674 411 1764 gaudent,
433 1675 494 1763 qui
528 1692 590 1744 eos
625 1672 792 1744 oeridnnt
823 1672 994 1762 aquibus
1014 1653 1250 1764 neo'aooepe-

237 1807 319 1870 runt
335 1799 500 1888 iniuriam
519 1817 584 1870 nee
600 1798 783 1887 accepisse
812 1797 1040 1883 eristinrant3
1072 1798 1150 1869 haec
1178 1816 1248 1868 non

237 1932 292 1997 est
312 1925 379 2011 ira,
397 1923 518 1995 feritas
537 1929 608 1994 est.
631 1920 724 2006 onio
754 1923 865 2011 ergo?
885 1920 992 2011 Origo
1023 1922 1130 2012 hujus
1164 1923 1248 1992 rnaii

238 2049 283 2121 ab
316 2050 369 2120 ira
396 2054 472 2135 est;
505 2066 586 2137 quae
625 2046 683 2117 ubi
722 2047 899 2135 frequenti
935 2046 1187 2118 exercitatione
1215 2053 1249 2117 et

237 2174 402 2246 satietate
424 2172 458 2242 in
476 2171 689 2243 oblivionem
720 2170 920 2242 eternentiae
948 2171 1056 2256 venit,
1077 2175 1112 2242 et
1143 2188 1248 2242 ornne

238 2298 354 2371 ioedus
386 2299 584 2368 humanum
606 2295 710 2386 ejecit
736 2295 871 2381 anirno,
894 2295 1087 2366 norissinre
1118 2295 1153 2364 in
1175 2312 1250 2365 cru·

237 2422 417 2496 delitatern
439 2421 567 2493 transit
588 2417 648 2516 (3).
679 2451 694 2482 υ

284 2547 359 2619 Hoe
390 2553 508 2618 autern
532 2544 875 2631 animadvertamus,
902 2543 1161 2616 consuetudine
1181 2543 1249 2613 ira·

236 2673 403 2744 cundiam
443 2670 622 2742 attenuari
661 2665 730 2764 (i);
776 2670 838 2740 irae
876 2668 1016 2739 obuiam
1050 2669 1090 2738 iri
1123 2687 1245 2760 posse,

237 2796 382 2868 minirne
413 2803 532 2866 autern
568 2794 783 2865 erndetitau.
807 2793 919 2864 lrnrno
948 2793 1007 2882 qui
1048 2794 1159 2865 semei
1206 2812 1248 2864 ao

236 2922 369 3012 saepius
402 2921 464 2990 irat
484 2918 644 3002 indulsit,
671 2919 707 2988 in
738 2917 926 3008 tyrannide
960 2917 1010 2987 iiii
1044 2923 1099 2987 est
1131 2917 1243 2988 riven-

236 3046 344 3118 dnrn:
370 3044 563 3116 erudelitas
579 3048 699 3114 autern
730 3042 847 3132 majus
882 3041 1016 3112 rnaiurn
1044 3046 1079 3112 et
1098 3040 1245 3111 insana-

234 3166 384 3264 niteo).

284 3294 370 3366 inde
403 3292 536 3364 inieras
565 3292 645 3363 iieet
679 3291 828 3361 rnnituur
861 3289 978 3361 valere
1003 3288 1244 3376 elementiam,

234 3420 366 3511 qnippe
387 3435 457 3507 qua
478 3416 680 3501 deficiente,
700 3412 946 3505 nequidquam
965 3413 1244 3485 Nerornedienrn

235 3543 438 3616 desideret!

266 3824 301 3887 (i)
319 3822 353 3874 lie
368 3823 422 3884 r'ro,
440 3821 472 3882 ii,
491 3823 532 3871 13.
552 3823 578 3872 Ξ.

267 3913 300 3976 (at
315 3910 398 3971 inte,
412 3911 443 3972 il,
461 3912 503 3961 st.
523 3911 549 3959 d.
561 3934 592 3946 -
609 3907 647 3958 Gi.
674 3906 705 3958 de
723 3905 820 3967 Cion..
838 3907 857 3968 1,
875 3909 915 3967 20,
932 3906 974 3957 dt.

265 4002 301 4066 (3)
320 4000 354 4051 lie
370 4001 425 4058 iro,
443 3999 475 4059 li,
492 4001 518 4050 ὅ.
539 3999 566 4050 3.

266 4091 302 4153 (d)
317 4089 402 4150 ibid„
419 4088 452 4149 11,
468 4089 492 4137 d.
516 4087 545 4147 Ξ;
563 4086 595 4149 11,
615 4088 654 4138 to.

267 4180 299 4242 (5)
317 4176 400 4240 ibid,
414 4177 449 4240 ii,
466 4177 492 4230 5.
512 4179 539 4229 o.
