3080 4948
287 1971 323 2046 Si
343 1973 474 2047 cursim
501 1977 564 2045 aot
583 1973 777 2046 oscitanter
808 1971 954 2048 Senecae
991 1975 1033 2048 de
1069 1977 1251 2048 clementio

239 2100 348 2172 libros
392 2098 656 2189 recognoveris,
693 2099 796 2171 lacile
841 2099 966 2172 credes
1011 2118 1128 2173 meras
1170 2119 1250 2172 esse

240 2224 522 2298 declamationes
544 2229 579 2295 et
608 2223 799 2316 splendore
822 2226 938 2315 magis
967 2243 1075 2316 quam
1107 2245 1251 2317 comere

240 2350 463 2444 prohabilem
483 2355 519 2422 at
530 2350 559 2421 si
572 2368 634 2422 eos
652 2350 759 2441 paulo
769 2351 1160 2443 attentinsperlogaris‚
1180 2371 1251 2423 non

140 2526 143 2533 f
239 2477 315 2549 lieri
333 2481 451 2568 potest
470 2475 556 2566 quin
572 2475 706 2547 fateare
726 2475 879 2548 solidam
892 2477 1250 2564 materiamsnbesse,

240 2609 275 2676 et
294 2620 373 2674 eam
391 2620 465 2674 non
481 2621 607 2692 vagam
630 2607 752 2693 cll-pote
787 2602 1006 2692 generalem,
1030 2603 1093 2675 sed
1127 2622 1252 2694 perso-

163 2743 166 2748 ·
239 2747 382 2816 narum,
415 2734 462 2814 et,
486 2728 516 2799 si
551 2747 625 2799 non
651 2728 824 2816 locorum,
864 2733 1064 2819 temporum
1099 2729 1245 2818 quidem

241 2853 335 2925 notis
353 2851 558 2924 distinctam
585 2860 619 2924 et
639 2851 823 2924 delinitam
844 2857 1051 2943 certumque
1073 2851 1119 2924 ad
1139 2852 1245 2925 finem

241 2977 436 3069 quemdam
457 2976 708 3068 pertinentem.

288 3101 423 3194 Nempe
443 3101 480 3173 in
514 3106 588 3174 toto
608 3100 754 3175 Senecae
788 3119 893 3194 opere
925 3108 1076 3193 apparet
1108 3101 1255 3192 egregia

242 3246 283 3299 ac
304 3246 396 3298 nora
414 3225 458 3299 de
478 3226 619 3317 imperii
635 3227 772 3298 ratione
789 3226 964 3314 doctrina,
988 3227 1023 3298 in
1046 3246 1118 3318 qna
1141 3226 1252 3297 virtus

241 3352 303 3424 illa
329 3370 436 3444 qnam
461 3351 688 3424 clementiam
724 3347 774 3446 (l)
795 3357 830 3424 et
866 3351 972 3424 Stoici
1009 3357 1151 3441 vocant,
1175 3369 1255 3422 cnm

274 3702 308 3768 (l)
326 3699 374 3752 iiie
390 3710 446 3752 non
462 3698 634 3753 mediocriter
649 3699 793 3762 haeremus,
808 3699 965 3766 ignorantes
981 3710 1035 3765 qno
1056 3697 1165 3752 nominc
1180 3695 1260 3750 Stoici

242 3782 369 3835 virtutem
385 3778 455 3831 illam
485 3779 646 3832 notaverint.
669 3779 720 3832 Pro
736 3782 811 3832 cerlo
825 3778 979 3831 hahendam
1002 3782 1044 3832 ost
1066 3791 1147 3830 unam
1164 3789 1225 3830 esse
1246 3789 1261 3828 c

243 3860 412 3916 secundariis
424 3860 564 3913 virtutibus
577 3874 637 3926 quae
651 3864 681 3914 τὸ
694 3864 853 3924 κοινωνικὸν,
866 3863 895 3913 τὸ
910 3861 1055 3924 πολιτικὸν,
1070 3863 1123 3920 aul,
1138 3862 1167 3910 ut
1181 3857 1261 3909 latino

243 3943 393 4008 loquamur,
414 3940 539 3993 virtutem
560 3941 630 3992 illam
654 3954 715 4006 quae
742 3940 769 3991 in
793 3939 983 3993 communione
1012 3952 1044 3992 ac
1071 3937 1262 3993 communitate

241 4025 374 4084 versatur,
398 4020 470 4087 apud
495 4021 599 4074 Stoicos
621 4021 812 4087 sequebantur.
840 4020 892 4073 Sed
917 4020 943 4072 in
971 4021 1093 4087 catalogo
1118 4023 1261 4072 stoicorum

243 4102 371 4156 virtutum
391 4102 462 4168 apud
478 4101 614 4154 Stobaeum
635 4105 662 4155 ct
678 4101 824 4168 ltiegoncm
849 4101 921 4154 nulla
941 4101 1074 4168 reperitur
1099 4100 1175 4165 cujus
1202 4109 1261 4150 cum

191 4201 193 4206 ·
246 4184 327 4236 latino
345 4182 454 4235 nomine
474 4194 573 4236 nomen
594 4194 711 4248 graecum
734 4181 806 4236 omni
826 4194 858 4234 er
878 4185 954 4247 parta
975 4180 1075 4247 aequari
1089 4179 1182 4246 possit.
1199 4179 1258 4230 llon
