3080 4948
709 611 917 710 --ca--¹

299 760 464 833 ductores
480 762 550 850 sui,
579 763 742 851 allectum
772 762 1054 852 qualescumque
1078 763 1163 852 sint,
1185 783 1307 854 noque

297 885 547 977 malosneque
583 887 699 958 honos
729 905 810 959 esse
840 894 947 977 atque
980 893 1019 958 ul
1051 888 1229 975 vitiorum,
1258 889 1308 960 sic

295 1011 433 1082 virtutis
461 1012 645 1083 materiam
669 1011 760 1095 fieri,
790 1018 895 1102 prout
923 1011 975 1084 eis
1010 1012 1135 1108 utaris,
1163 1013 1306 1102 illisque

295 1154 369 1206 non
385 1136 503 1207 minus
520 1135 680 1225 adjmari
701 1136 889 1221 rationem,
921 1136 969 1207 ita
990 1143 1029 1208 ut
1055 1137 1217 1209 lunditns
1239 1157 1299 1210 eos

294 1259 452 1332 tollendo
468 1261 573 1332 simul
589 1261 751 1332 virtutem
774 1260 982 1332 sublaturus
1014 1261 1064 1332 sis
1084 1267 1146 1334 aot
1178 1263 1302 1334 saltem

292 1403 474 1474 mancam,
503 1385 656 1457 debilem
676 1391 711 1457 et
726 1385 804 1457 sine
829 1392 925 1457 motu
945 1385 1117 1457 lecturus.
1147 1385 1305 1459 Certissi-

291 1528 390 1580 mum
420 1510 506 1581 milri
533 1510 671 1582 videtur
710 1511 857 1580 multam
889 1510 972 1598 vim,
1012 1511 1160 1582 multum
1195 1512 1303 1602 inipe-

291 1640 381 1724 tum,
423 1636 571 1707 multam
613 1636 833 1730 alacritatem
870 1636 1001 1707 animis
1044 1637 1171 1708 aflectu
1203 1636 1298 1708 addi.

290 1759 429 1831 Etenim
445 1779 548 1832 mens
564 1761 693 1851 ipsein
717 1778 823 1851 opere
840 1761 982 1852 proprio
1009 1756 1057 1855 (id
1074 1739 1129 1832 est
1147 1762 1184 1831 in
1200 1761 1298 1850 cogi-

290 1881 413 1980 tando)
440 1885 544 1975 friget
575 1892 609 1958 et
640 1886 844 1975 languescit
873 1886 942 1957 nisi
960 1887 1108 1957 ssamma
1131 1887 1296 1959 interiore

291 2009 464 2081 excitatur
483 2016 791 2099 sustentaturque.
820 2008 935 2100 Atque
956 2016 995 2080 ut
1016 2029 1071 2082 me
1089 2011 1237 2082 releram
1254 2009 1297 2081 ad

290 2135 455 2225 exempla
485 2135 530 2206 ab
554 2135 593 2206 li.
622 2133 758 2206 Annaeo
786 2133 947 2221 laudata,
976 2135 1053 2206 sreri
1082 2154 1154 2207 non
1183 2141 1299 2226 potest

287 2266 327 2331 ut
346 2260 460 2350 pietas
475 2259 553 2332 sine
572 2278 714 2350 summa
727 2258 975 2348 indignatione
994 2262 1163 2350 iungatur
1180 2259 1295 2331 oliicio

287 2403 368 2474 suc,
395 2386 519 2476 siquis
535 2386 623 2458 lorte
640 2386 757 2458 videat
772 2392 834 2457 aut
850 2393 985 2478 patrem
1003 2405 1134 2458 caesum
1149 2393 1211 2457 aut
1226 2405 1298 2456 ma-

286 2516 374 2582 trem
404 2517 543 2602 raptam
576 2517 638 2582 aul
667 2511 780 2582 lilium
814 2512 1048 2583 dilaceratum
1074 2506 1150 2603 (l);
1179 2529 1296 2601 neque

284 2634 475 2708 clementia
499 2635 591 2708 hene
619 2641 737 2708 utetur
765 2636 838 2726 qui,
882 2636 979 2708 nullo
1009 2641 1130 2726 pacto,
1159 2635 1296 2707 miseri·

283 2760 405 2833 cordia
431 2767 604 2834 movetur.

331 2884 494 2961 Ceterum
522 2884 707 2957 inclinatio
738 2887 799 2956 illa
828 2885 938 2957 animi
967 2885 1013 2956 ad
1046 2885 1229 2957 lenitatem
1259 2884 1294 2956 in

282 3011 400 3103 poenis
418 3010 621 3101 erigendis,
650 3011 688 3082 in
715 3029 788 3100 qua
816 3017 957 3082 constat
979 3010 1184 3099 clementia,
1208 3008 1293 3100 quid

282 3142 339 3210 est
366 3135 465 3209 aliud
495 3154 605 3226 quam
626 3136 775 3207 aiiectus
812 3153 884 3206 non
915 3135 1045 3206 rationi
1078 3135 1291 3219 contrariuS,

312 3365 345 3429 (tl
362 3365 429 3427 Non,
454 3376 516 3416 cum
543 3362 674 3428 ejusmodi
691 3363 789 3428 aliquid
808 3362 923 3428 sapienti
938 3365 1074 3423 occurret,
1091 3365 1216 3428 tangetur
1240 3360 1294 3412 ani-

280 3459 340 3498 mus
358 3445 461 3511 eritque
472 3444 549 3497 sclito
567 3442 747 3496 commotior?
780 3443 830 3494 sihi
850 3443 940 3508 objicit
955 3444 1069 3495 Seneca.
1090 3471 1120 3479 -
1137 3444 1168 3494 Et
1183 3453 1293 3506 respon-

279 3526 326 3578 det
340 3528 441 3578 tantum
459 3538 514 3578 non
536 3524 647 3577 ridiculo
662 3523 756 3577 modo:
778 3543 788 3570 ι
807 3525 918 3576 Fateor:
937 3523 1035 3576 sentiet
1049 3523 1136 3576 levem
1150 3521 1292 3589 quemdam

279 3609 443 3672 tenuemque
458 3609 560 3659 motum
579 3626 588 3650 ι
608 3605 653 3669 (lle
666 3607 721 3668 iro,
739 3605 759 3666 1,
777 3605 816 3656 l6.
837 3607 870 3655 t:
903 3624 915 3649 «
936 3603 1112 3669 Suspiciones
1121 3603 1252 3669 quasdam
1268 3604 1294 3652 el

278 3687 388 3739 umbras
402 3686 546 3739 ali'ectuum
556 3703 606 3734 i-
617 3685 652 3737 cl.
674 3685 707 3747 11,
724 3685 747 3752 t
757 3688 784 3736 et
799 3687 833 3748 3).
847 3712 871 3724 -
891 3685 976 3736 Immo
991 3683 1216 3736 commolissimus
1230 3682 1291 3735 erit.

279 3768 365 3820 immo
378 3766 510 3820 altissimo
524 3766 619 3819 dolore
634 3764 778 3817 afficietur:

817 3899 969 3952 Mollissima
981 3897 1064 3951 corda

449 3985 570 4036 ttumano
587 3981 680 4048 generi
697 3980 761 4032 dare
776 3991 806 4032 se
821 3982 916 4032 natura
926 3980 1032 4041 fatetur,

451 4064 515 4125 Quae
530 4062 655 4117 lacrimas
671 4061 754 4114 dedit.

700 4197 783 4262 (tum,
801 4196 857 4249 Sat.
877 4195 929 4258 XV,
947 4194 1059 4258 tol-too)
