3062 4942
666 609 882 686 -lls-

318 765 395 839 Non
420 766 529 857 igitur
561 766 639 839 sinc
672 764 906 838 similitudine
927 766 1085 856 quadam
1124 768 1281 862 disposi-

269 890 376 962 tionis
397 891 540 964 ethuoc
560 897 595 963 et
623 889 723 962 illum
745 890 926 980 dialogum
958 892 1126 983 explicari
1143 893 1283 983 judica⁴

268 1015 401 1105 bimus,
429 1016 480 1088 ita
507 1021 547 1088 ut
579 1035 601 1088 a
633 1016 764 1107 priore,
800 1034 944 1107 quoquo
978 1017 1099 1108 modo,
1130 1020 1281 1092 alterum

268 1139 406 1212 discere
427 1137 556 1231 Sillii·
585 1139 672 1211 lnde
709 1139 874 1230 equidem
910 1141 945 1212 id
965 1161 1076 1213 unum
1114 1143 1281 1237 inieram,

267 1263 306 1334 L.
324 1262 515 1353 Annaeum,
531 1270 722 1356 postquam
741 1265 783 1336 dc
799 1265 854 1336 tro
869 1265 1053 1356 ingenium
1074 1269 1283 1359 protulisset

268 1394 304 1461 ct
318 1377 424 1461 luturi
438 1390 669 1480 praeceptoris
684 1389 911 1478 industriam,
924 1391 960 1462 in
977 1391 1037 1463 illo
1052 1392 1135 1464 dein
1151 1393 1193 1464 dc
1208 1413 1283 1465 cru-

268 1513 409 1586 delitate
424 1514 513 1586 libro
530 1514 576 1586 ad
593 1533 697 1586 usum
714 1514 865 1586 Neronis
880 1516 1068 1605 praeteritae
1084 1517 1194 1590 totius
1209 1518 1283 1591 ins-

268 1637 445 1710 titutionis
464 1643 644 1731 praeccpla
663 1639 875 1711 contrahere
897 1639 1008 1711 luisse
1028 1660 1253 1732 aggressum.

316 2283 465 2371 Quodsi
485 2292 688 2378 spectemus
705 2288 750 2359 ad
780 2288 929 2360 formam
958 2289 1152 2379 scribendi,
1173 2309 1281 2383 pecu-

265 2411 352 2484 liare
370 2412 507 2503 allquid
523 2413 560 2484 ln
575 2413 643 2484 hoc
670 2412 812 2503 dialogo
830 2419 885 2486 est
901 2415 1276 2505 animadvertendum,

295 2730 328 2793 (l)
347 2727 383 2778 Ex
405 2726 504 2791 quinus
519 2725 615 2792 conjici
639 2730 729 2792 polest
753 2727 886 2780 erravisse
915 2727 1072 2791 Erasmium,
1103 2742 1164 2781 cum
1182 2743 1280 2782 secuu-

263 2807 326 2861 dum
338 2807 421 2860 ncslri
435 2806 533 2872 dialogi
546 2806 651 2869 librum,
667 2807 739 2872 quod
752 2808 1046 2874 superest‚oplnaretur
1060 2821 1122 2861 esse
1133 2809 1278 2862 tollendum

264 2893 357 2954 utpote
368 2887 478 2940 alterius
494 2887 592 2953 dialogi
606 2891 709 2952 partem
731 2887 786 2939 sive
816 2887 927 2939 initium.
951 2916 980 2924 -
1000 2888 1048 2952 (cl.
1081 2889 1128 2940 Eln
1153 2891 1278 2942 Fllrsten·

262 2969 364 3035 spiegel
377 2981 425 3020 aus
442 2968 491 3020 der
505 2968 611 3020 vorzeit
627 2967 669 3018 ilir
684 2967 727 3019 die
752 2967 873 3019 lctzlzell
887 2970 928 3032 (p.
951 2969 1021 3031 toul:
1039 2967 1089 3020 des
1114 2969 1210 3022 Lucius
1223 2972 1277 3022 An·

262 3061 338 3101 naeus
350 3047 453 3100 Seneka
470 3047 535 3100 zwei
553 3047 656 3099 Bdclrer
669 3061 721 3099 von
736 3047 785 3098 der
800 3045 889 3099 Gnade
905 3060 938 3098 an
954 3047 1048 3100 Kaisar
1060 3049 1139 3101 Nero.
1159 3077 1189 3086 -
1204 3050 1277 3102 Beim

262 3127 365 3180 Eintrllt
395 3128 422 3178 in
450 3127 494 3180 dio
521 3127 615 3180 zwcito
644 3126 729 3178 llallte
757 3127 807 3178 des
823 3127 1011 3180 neuuzehnten
1027 3127 1221 3181 Jahrhunderts
1236 3129 1278 3182 fiir

262 3207 416 3274 deploranda
444 3206 502 3258 und
523 3205 715 3270 demoniacus
737 3205 800 3258 dem
830 3207 1075 3274 untergodrucklen
1102 3208 1277 3262 lateinischou

262 3290 342 3339 Tercle
356 3287 491 3339 ubersetzl
507 3286 562 3338 und
574 3285 622 3337 mit
636 3283 814 3338 erklareudeu
829 3286 1035 3352 dumerlmngcn
1048 3287 1194 3340 versellan.

386 3475 486 3526 lloltc:
505 3475 553 3524 Wo
570 3459 613 3526 die
628 3472 774 3526 Lebenden
791 3473 946 3537 schweigen

494 3556 565 3606 llusz
580 3568 642 3606 man
657 3553 699 3606 dic
715 3554 818 3606 Todtcu
832 3553 929 3605 horon.

290 3745 390 3808 Deuan,
406 3743 493 3797 llruck
507 3742 562 3795 und
576 3742 733 3808 Verlagvon
749 3741 838 3793 llorilz
853 3743 916 3794 llatz
935 3741 1086 3807 (Gohrlider
1105 3743 1181 3806 llalz)
1198 3743 1271 3795 1851.

290 3836 329 3886 dn
344 3833 415 3886 idern
431 3833 546 3898 scriptor
557 3831 600 3884 hic
614 3830 800 3895 conjiciendus
812 3830 845 3882 sil
859 3834 940 3896 atque
958 3831 1001 3884 ille
1015 3830 1112 3882 Albani
1126 3830 1152 3882 in
1165 3831 1275 3896 quibus·

259 3912 321 3966 dam
345 3913 500 3980 repertoriis
526 3912 634 3965 nomino
656 3911 825 3976 designatus,
839 3911 910 3963 haud
933 3911 1056 3976 equidem
1074 3911 1208 3963 affirmare
1231 3926 1276 3965 au-

259 3995 319 4045 sim.
340 3994 368 4045 ld
390 3992 574 4045 tantummodo
605 4004 659 4043 non
681 3990 834 4042 dubitamus
858 3991 923 4055 quin
944 3991 1064 4044 incertus
1093 3991 1136 4043 ille
1161 3991 1275 4058 scriplcr

259 4077 364 4138 spectet
373 4073 406 4124 ad
422 4072 514 4125 civiles
526 4072 617 4123 turbas
632 4083 692 4135 quae
705 4075 771 4122 ortae
785 4074 848 4121 sunl
862 4070 933 4136 apud
945 4071 1078 4123 Borussos
1093 4071 1163 4123 circa
1173 4085 1273 4124 anuum

259 4154 330 4204 1818.
