3080 4948
648 653 842 727 ...55-

237 805 340 895 buni,
362 811 397 878 et
412 811 595 899 praetores,
615 812 649 877 et
676 805 754 897 ipse
771 805 1031 898 paterfamilias
1063 807 1157 881 idem
1190 810 1250 900 Jus

237 930 333 1004 demi
354 951 528 1025 usurpare
544 931 658 1021 potuit
674 927 736 1026 (l).

282 1055 407 1147 Neque
436 1056 633 1148 quidquam
659 1056 743 1128 hnic
758 1057 830 1146 iuri
851 1057 966 1131 fuerat
999 1058 1243 1132 immutatum.

234 1179 355 1254 Plebis
374 1181 469 1254 enim
485 1186 547 1251 aut
566 1180 717 1252 civitatis
734 1181 839 1270 quasi
858 1200 1051 1273 personam
1074 1183 1249 1272 gerebant

233 1308 481 1396 magistratus
521 1312 556 1378 et
589 1305 713 1378 anae
743 1306 887 1396 quidem
926 1326 1038 1398 penes
1072 1310 1247 1402 populum

234 1431 300 1504 luit
320 1438 394 1504 tnta
412 1431 630 1522 respublica,
652 1437 687 1503 et
702 1431 908 1522 reipublicae
926 1432 1092 1505 absoluta
1125 1441 1248 1525 putes-

232 1564 302 1629 tas.
325 1556 490 1646 Namque
512 1556 787 1646 magistratuum
808 1557 903 1629 hanc
917 1564 1131 1648 potestatem
1148 1560 1246 1633 nullo

235 1681 341 1754 modo
362 1681 668 1772 circumscriptam
702 1681 813 1754 luisse
834 1681 946 1768 dicas,
970 1682 1040 1755 nisi
1061 1683 1157 1774 quod
1175 1679 1259 1758 ter-'

231 1806 339 1878 minis
371 1805 589 1898 quibusnam
611 1806 724 1877 linivit
744 1825 823 1878 cam
860 1807 1018 1899 ipsorum
1049 1808 1242 1898 magistra-

231 1937 330 2002 tuum
360 1949 533 2002 numerus
550 1949 592 2002 ac
608 1930 774 2002 varietas.
798 1929 935 2003 Civitati
956 1932 1102 2021 quidem
1130 1953 1247 2005 roma-

230 2065 300 2119 nus
334 2048 488 2138 quisque
521 2048 574 2118 vir
607 2047 711 2137 quasi
752 2048 911 2119 serviens
944 2048 1119 2122 libertatis
1168 2069 1244 2123 sure

228 2177 350 2243 lamen
384 2171 661 2257 consumserat,
685 2172 770 2260 quia
790 2190 827 2243 re
841 2191 925 2244 vera
945 2192 1018 2244 nnn
1047 2173 1123 2267 ipse
1144 2181 1243 2247 extra

227 2296 413 2388 populum,
447 2316 526 2368 cum
561 2296 715 2389 populus
749 2316 851 2368 suam
880 2298 994 2388 ipsius
1028 2305 1241 2390 potestatem

224 2421 414 2494 mandaret
462 2421 749 2511 magistratibus.
803 2421 927 2512 Neque
981 2423 1042 2495 illa
1091 2424 1243 2497 civitatis

223 2546 353 2635 inrma,
396 2546 493 2636 qnod
534 2547 722 2637 imperium
760 2553 918 2635 vocatur,
963 2547 1053 2620 aden
1093 2568 1243 2640 prcpere

224 2671 354 2743 luisset
370 2672 578 2759 constituta,
599 2671 668 2742 nisi
684 2671 859 2745 absolutae
889 2673 1077 2764 potcstatis
1108 2675 1242 2763 princi-

227 2797 325 2888 pium
346 2796 437 2888 ipsis
453 2796 596 2885 legibus
612 2796 740 2869 luisset
759 2798 920 2870 insitum.
940 2795 1004 2870 lus
1029 2798 1134 2869 modu
1154 2799 1242 2870 illud

228 2920 433 2992 absolutum
451 2921 598 3010 gravius
620 2921 750 2993 lactum
773 2929 849 2994 erat
862 2928 897 2994 et
911 2923 1027 3012 magis
1042 2923 1241 2995 timendum

226 3052 416 3138 propterea
463 3045 558 3134 quon
611 3047 862 3136 magistratus,
903 3065 1051 3120 numero
1097 3047 1241 3139 quidem

226 3171 442 3261 complures,
473 3188 511 3240 re
548 3171 594 3242 ad
623 3191 734 3242 unum
770 3174 875 3262 quasi
895 3173 1046 3262 coivere,
1076 3172 1179 3264 cujus
1208 3181 1243 3246 et

229 3313 361 3367 munus
379 3295 512 3366 iactum
534 3301 611 3366 erat
630 3296 818 3388 multiplex
849 3303 883 3370 nt
903 3304 1063 3388 potestas
1079 3299 1185 3369 unica
1205 3300 1241 3369 in

224 3421 446 3493 universum.

275 3544 353 3617 Nun
373 3548 480 3637 igitur
502 3567 631 3621 norum
649 3547 785 3636 aliquid
815 3545 952 3619 Seneca
973 3549 1131 3642 pretulit,
1154 3566 1243 3637 qun-

227 3672 325 3744 niam
352 3673 507 3762 J'usritae
525 3677 695 3765 necisque
725 3693 837 3765 penes
870 3675 1103 3763 magistratus
1133 3693 1243 3764 supe-

226 3815 327 3870 resse
348 3805 382 3870 et
402 3819 423 3870 a
444 3807 573 3872 senatu
600 3801 678 3891 ipsn
710 3799 879 3871 omnibus
899 3799 1121 3891 principibus
1143 3818 1244 3869 man-

227 3923 305 3994 dari
336 3923 615 4014 intelligebatur.
652 3923 726 3996 Hoc
760 3924 1008 3996 tantummodo
1038 3931 1243 3997 convertere

260 4206 293 4270 (ll
310 4204 347 4256 cl.
367 4207 457 4258 lamen
471 4205 496 4256 J.
516 4206 606 4269 lienis,
622 4220 667 4273 op.
692 4208 738 4271 cr'l,
754 4211 772 4260 1.
795 4208 827 4272 ll,
840 4221 867 4272 p.
885 4209 1006 4259 llss-llle
