3062 4942
617 614 835 686 -i13-

214 765 418 838 valetudine
439 765 595 836 infirma.
626 764 852 837 amaveritne
872 765 1004 838 Juiiam
1025 774 1088 838 aut
1105 765 1231 860 Agrip-

215 891 372 981 pinam?
402 890 578 962 Incertum
611 906 678 975 est,
712 897 773 962 aut
806 891 925 981 potius
973 898 1073 963 extra
1105 891 1227 966 fidem.

216 1013 484 1106 Obsequentem
506 1023 626 1087 tamen
648 1015 752 1087 dictis
773 1016 930 1106 speravit
950 1016 1046 1089 bunc
1066 1017 1140 1090 iore
1164 1019 1230 1090 mi·

215 1127 367 1212 nistrum
410 1138 626 1232 Agrippina:
680 1139 849 1212 rebeliem
896 1141 1044 1213 invenit.
1093 1141 1232 1216 Seneca

215 1265 310 1336 enim
339 1264 489 1337 meliora
508 1264 604 1337 videt
627 1263 840 1356 probatque,
872 1271 919 1349 et,
951 1265 1049 1356 quod
1085 1267 1228 1357 probat,

214 1387 324 1460 audet
354 1387 533 1461 interdum
573 1387 735 1478 aggredi,
770 1389 934 1478 quamvis
968 1397 1098 1480 arguta
1118 1409 1231 1463 aucu-

214 1520 317 1604 petur
332 1518 367 1585 et
381 1512 585 1605 praestigias
601 1519 760 1603 quaerar:
779 1512 1056 1585 condonandam
1084 1514 1230 1605 quidem

214 1637 271 1710 bis
304 1637 528 1728 temporibus
556 1637 688 1726 agendi
727 1637 917 1723 rationem,
951 1639 1123 1728 qnoniam
1152 1639 1230 1730 ipso

214 1761 373 1833 Thrasea
392 1761 527 1833 nemini
557 1761 711 1833 salutem
748 1761 889 1848 adame,
923 1761 1014 1834 nihil
1052 1763 1229 1853 corrigere

213 1886 378 1974 valuerit,
414 1892 463 1969 et,
491 1885 560 1957 sibi
589 1903 701 1958 causa
730 1886 877 1976 periculi
898 1885 1007 1973 iacta,
1028 1888 1156 1959 coieris
1187 1888 1230 1958 ii-

213 2009 363 2081 bertatis
393 2029 465 2081 non
491 2009 646 2100 praebuit
673 2009 814 2081 initium
835 2005 894 2103 (i).
917 2008 960 2081 Et
985 2010 1134 2082 iorsitan
1166 2011 1231 2083 ali·

213 2133 428 2227 quandam)
467 2135 572 2225 quasi
612 2133 875 2207 contessionem
942 2139 1130 2208 teneamus
1191 2137 1229 2208 in

214 2256 356 2349 dialogo
386 2259 447 2350 qui
480 2260 523 2330 de
556 2259 740 2331 clementio
767 2259 994 2331 inscribitur:
1029 2279 1146 2351 neque
1165 2261 1230 2349 igi-

213 2390 269 2454 tur
301 2383 483 2455 infitiabor
502 2383 654 2455 subesse
675 2384 731 2454 bis
755 2382 856 2455 libris
878 2384 1000 2455 nescio
1022 2403 1131 2475 quam
1155 2404 1229 2455 am·

210 2509 397 2581 biuooem.
421 2507 492 2581 Sed
516 2515 551 2581 et
579 2508 614 2580 id
635 2514 794 2595 constat,
825 2515 863 2580 ut
877 2508 1017 2600 opinor,
1052 2507 1227 2582 Senecam

212 2632 248 2703 in
269 2632 412 2723 diaiogo
432 2632 582 2724 perinde
624 2639 732 2723 atque
766 2633 802 2704 in
829 2632 891 2704 iilo
925 2634 1107 2705 communi
1136 2634 1229 2706 inter

212 2757 328 2848 ipsum
358 2756 584 2848 Burrumque
614 2756 767 2848 pribiicae
800 2757 901 2848 pacis
939 2757 1148 2849 patrocinio,
1187 2775 1227 2830 sc

212 2881 371 2970 gessisse
408 2901 472 2974 pro
510 2881 584 2953 uiro
626 2882 737 2974 probo
771 2888 807 2954 ct
839 2881 946 2971 trogi,
991 2889 1099 2972 atque
1128 2883 1224 2953 omni

212 3024 279 3097 ope
325 3007 518 3078 connixum
562 3014 601 3078 ut
620 3005 821 3098 impatienti
861 3005 1008 3092 Neroni,
1052 3012 1225 3096 tanquam

212 3129 293 3220 tigri
319 3131 484 3204 nascenti
504 3132 697 3222 eidemque
719 3138 868 3203 matrem
891 3138 1070 3217 voratura,
1087 3150 1224 3202 moram

214 3255 368 3327 atierret.

245 3965 280 4026 (i)
297 3966 382 4028 rina,
399 3967 463 4026 xlv,
477 3966 516 4016 ii.

245 4053 286 4120 (ἱ),
298 4055 330 4106 bt
344 4054 467 4120 exemplo
479 4058 548 4116 utar,
564 4053 598 4106 ci.
614 4054 645 4105 de
664 4054 749 4117 ciem,
763 4055 782 4118 i,
795 4055 819 4105 6.
832 4055 864 4105 3;
881 4073 893 4098 n
908 4053 1078 4106 Peccavimus
1092 4065 1197 4106 omncs.
1214 4071 1226 4096 »

215 4169 245 4178 -
262 4141 300 4194 Ci.
316 4142 396 4195 etiam
412 4143 443 4194 dc
458 4144 512 4205 irc,
528 4143 572 4206 iil,
587 4143 627 4194 26.
642 4146 669 4195 t.

1130 4228 1152 4296 8
