3080 4948
617 1212 767 1294 CAPUT
797 1215 849 1292 111

281 1503 328 1554 nn
348 1497 551 1578 onnnunrrn
571 1483 702 1553 sroion
719 1500 871 1554 vrururn
893 1497 989 1554 trun
1010 1479 1180 1554 Sunnonru

274 1766 348 1838 Hos
363 1766 471 1856 igitur
489 1765 534 1839 de
550 1765 739 1838 clementia
758 1766 882 1855 libros,
905 1785 978 1838 non
997 1766 1136 1856 absque
1159 1765 1242 1840 doc·

225 1891 332 1980 trina‚
355 1890 402 1962 ad
434 1892 571 1964 civitem
602 1890 746 1981 quidem
764 1910 869 1962 nsum
903 1891 1083 1982 praecipue
1119 1895 1235 1983 aptos,

226 2024 424 2108 opportune
449 2023 483 2090 et
499 2037 564 2088 suo
582 2023 740 2106 tempore
766 2021 931 2088 tenemus
953 2017 989 2088 in
1017 2016 1133 2088 lucem
1155 2035 1242 2107 pro-

227 2141 351 2231 diisse,
372 2142 504 2215 Neroni
524 2142 680 2214 dicatos:
704 2160 747 2214 ea
768 2160 846 2232 spe,
864 2148 901 2213 ut
921 2148 1019 2233 pute,
1043 2143 1241 2233 principem

226 2267 262 2338 in
289 2267 405 2339 oidcio
432 2273 467 2340 et
492 2268 528 2339 in
552 2273 680 2339 natura
702 2268 863 2340 bumana
884 2267 1069 2339 etiamtum
1095 2268 1240 2340 retineri

226 2376 349 2486 posse,
378 2398 440 2464 aut
464 2394 591 2466 saltem
619 2392 793 2466 Senecam
826 2412 904 2465 cnm
941 2392 1066 2481 Bnrro,
1096 2391 1239 2466 Caesare

226 2519 470 2611 voluptatibus
491 2519 566 2590 suis
582 2525 616 2590 et
630 2519 776 2608 flagitiis
793 2525 973 2604 contento,
983 2518 1120 2608 iustam
1135 2537 1241 2591 man-

228 2650 441 2733 suetamque
461 2644 601 2734 imperii
624 2643 974 2716 administrationem
1004 2663 1085 2716 esse
1118 2662 1242 2735 perse-

229 2775 412 2842 cuturum:
437 2775 592 2860 tluorum
624 2776 742 2842 utrum
779 2769 908 2842 vanius
928 2770 1109 2841 somnium
1129 2777 1238 2854 esset,

230 2895 364 2968 nescio.
394 2893 579 2967 Libentius
596 2901 717 2974 mrtem
751 2895 910 2984 credam,
938 2895 1123 2968 conscium
1153 2893 1241 2986 quid

229 3020 298 3092 sibi
314 3020 518 3111 exprobrari
544 3026 681 3111 posset,
709 3019 864 3111 publicae
893 3038 969 3092 suae
989 3020 1069 3092 vitae
1088 3019 1245 3111 patroci-

228 3145 327 3217 nium
349 3145 416 3218 sub
437 3144 676 3236 philosophiae
695 3144 892 3234 patrocinio
913 3144 1011 3234 apud
1031 3145 1192 3234 aquales
1208 3151 1243 3219 et

228 3276 392 3361 posteros
426 3269 645 3360 suscepisse,
674 3269 958 3360 vnigandoquid
977 3268 1084 3357 Nero,
1113 3269 1151 3341 id
1187 3276 1243 3342 est

228 3393 320 3485 ipse,
347 3412 411 3484 pro
430 3394 611 3465 communi
631 3393 838 3485 reipublicae
857 3394 951 3467 bono
971 3393 1130 3482 iecisset,
1152 3394 1240 3485 quid

230 3525 405 3610 speraret,
434 3537 590 3606 necnon,
620 3517 686 3590 sed
715 3518 921 3591 obscuriore
941 3525 976 3591 et
1003 3518 1150 3609 obliqua
1169 3520 1239 3608 na,

229 3643 316 3734 quid
335 3643 535 3736 provideret
553 3649 591 3726 vet
609 3643 750 3716 timeret
779 3644 816 3716 in
837 3643 1008 3733 futurum,
1039 3643 1139 3716 baud
1158 3644 1238 3718 sine

229 3769 542 3842 commendatione
558 3774 593 3842 et
614 3769 721 3842 laude
738 3769 875 3859 ingenii
898 3769 968 3840 sni.

277 3893 367 3968 Nam
387 3894 618 3986 philosophia
637 3913 710 3967 non
723 3894 798 3984 jam
818 3894 942 3967 Romae
959 3899 1035 3966 erat
1059 3892 1155 3987 apud
1173 3895 1243 3988 pri-

229 4036 347 4092 mores
383 4018 534 4091 civitatis
567 4017 733 4090 inimicos
770 4019 928 4111 hospita.
959 4018 1046 4092 Post
1076 4020 1123 4094 M.
1156 4019 1242 4093 Tul-

229 4143 317 4217 lium
334 4150 370 4216 et
384 4143 600 4234 Lucretium,
622 4143 740 4216 Livius
759 4149 795 4217 et
809 4141 956 4217 Asinius
978 4141 1147 4250 derebus
1160 4126 1250 4244 pbi-¹
