3080 4948
363 782 499 854 Burrus
518 782 630 868 enim,
651 781 683 852 si
696 779 817 852 Tacito
836 780 979 853 credere
997 789 1054 854 est
1073 779 1135 878 (i),
1150 785 1326 856 Neronem

315 907 494 1000 trepidum
539 914 601 979 et·
619 905 878 978 interficiendae
923 908 1049 978 matris
1092 907 1249 996 aridum,
1286 915 1327 980 nt

319 1059 337 1098 r
363 1039 546 1125 reputaret
559 1031 729 1103 tenebras
744 1038 780 1103 et
796 1031 979 1120 rigiiatam
996 1033 1155 1104 oonririo
1167 1038 1323 1120 noctem,

311 1158 506 1249 omniaque
542 1157 733 1228 temeritati
769 1163 805 1228 et
833 1157 984 1228 inscitiae
1019 1158 1185 1249 propiora
1212 1185 1229 1221 n
1258 1157 1321 1228 ad-

312 1283 463 1355 monuit.
481 1281 589 1373 Atqni
612 1299 686 1352 non
714 1280 820 1352 aiiter
834 1279 1166 1372 Seneoaindiaiogo
1181 1289 1323 1354 nostro:

315 1405 677 1500 «superuacaneum
718 1413 774 1478 est
810 1406 880 1477 hoo
917 1406 996 1478 ioco
1036 1406 1243 1492 admonere,
1278 1426 1323 1479 ne

308 1532 412 1606 iociio
441 1531 579 1618 eredat,
600 1539 641 1604 ut
662 1549 784 1603 rerum
823 1531 981 1603 exentiat
985 1587 1077 1620 ......
1096 1550 1193 1604 nuno
1220 1532 1317 1604 iiium

308 1659 509 1746 hortamur,
529 1657 774 1729 utmaniieste
795 1656 905 1728 iaesns
939 1657 1100 1728 animum
1131 1658 1167 1728 in
1195 1663 1321 1749 potes-

307 1789 382 1858 tate
401 1782 549 1872 habeat,
565 1789 601 1855 et
619 1801 782 1874 nonam,
801 1781 832 1853 si
852 1788 927 1853 tuto
940 1783 1084 1873 poterit,
1096 1781 1206 1855 donet
1220 1779 1280 1878 (ἓ).
1297 1811 1313 1846 »

357 1910 480 2000 Neque
500 1906 569 1981 hoo
582 1906 733 1983 forsitan
752 1906 905 1998 principi
934 1906 1176 1996 solummodo,
1193 1909 1259 1982 sed
1285 1917 1318 1982 et

306 2033 432 2108 Romae
447 2033 554 2108 inerit
575 2033 761 2126 seriptum.

357 2157 493 2246 Quodsi
526 2160 619 2234 Nero
653 2161 754 2232 nulia
785 2180 823 2234 re
865 2161 937 2232 alia
977 2167 1163 2234 moueatur
1192 2166 1320 2252 praeter
1404 2163 1408 2169 '

303 2285 483 2374 timorem,
507 2285 618 2376 itarius
634 2285 731 2358 modi
747 2287 826 2359 ioca
852 2293 1059 2359 occurrent:
1087 2315 1105 2348 «ι
1124 2284 1319 2358 Clementia
1373 2365 1376 2372 ⁴

303 2427 389 2502 ergo
410 2427 483 2482 non
513 2415 654 2482 tantum
685 2411 926 2494 honestiores,
950 2411 1015 2484 sed
1042 2411 1191 2483 tutiores
1211 2429 1319 2503 praes-

301 2541 354 2610 tat
379 2557 428 2624 »3
463 2541 527 2610 out
560 2554 710 2608 rursus:
753 2565 771 2600 «ι
796 2536 873 2608 Diis
910 2537 1001 2628 ipsis
1032 2556 1162 2608 manns
1203 2537 1317 2608 inten-

302 2665 426 2734 tantur
451 2683 496 2746 »ς
531 2666 595 2734 out
631 2661 770 2734 etiam:
799 2687 816 2726 u
841 2661 955 2751 Regia
988 2661 1182 2733 crudelitas
1209 2666 1317 2750 auget

302 2763 527 2858 inimicorum
564 2803 754 2858 numerum
795 2784 969 2858 tollendo.
1007 2783 1181 2858 Parentes
1219 2785 1314 2858 enim

301 2907 475 3004 liberique
493 2928 631 2998 eorum,
653 2911 714 3002 oui
730 2910 905 2983 interiecti
922 2918 1022 2998 sunt,
1053 2918 1089 2983 et
1106 2911 1311 3004 propinqui,

301 3041 336 3110 ot
360 3035 479 3124 antini,
499 3035 669 3110 inlocum
691 3035 915 3126 singulorum
937 3036 1135 3109 succedunt
1154 3033 1213 3132 (3).
1241 3063 1259 3099 u

349 3157 411 3234 Sin
441 3167 559 3234 antona
594 3160 726 3234 Neroni
763 3179 829 3253 per
859 3160 1034 3253 pudorem
1068 3162 1168 3233 satus
1200 3161 1311 3252 quaeri

298 3285 443 3378 poterit,
478 3284 688 3359 laudabitur
720 3285 866 3358 bonitas
900 3286 1077 3358 naturalis
1117 3287 1310 3375 animoque

297 3409 420 3498 insito,
443 3415 478 3484 et
506 3410 671 3502 uoluptas
705 3410 768 3482 iiia
809 3410 1142 3483 «circumeundi»
1175 3409 1308 3482 bonam

297 3533 555 3608 conscientiam
586 3535 837 3620 ostentatitiae,
878 3543 913 3607 et
942 3543 1108 3627 speratus
1140 3535 1305 3627 princeps

298 3657 476 3731 adinstar
495 3658 569 3731 dei.

328 3979 363 4044 (i)
378 3979 451 4032 Ann.
468 3981 536 4044 iiiii,
550 3981 622 4032 20—
636 3981 675 4034 ci.
690 3982 754 4044 xiv,
774 3984 802 4034 i:
819 4003 831 4028 ι
848 3985 1059 4040 diumeditatnm
1076 3990 1177 4042 scetus.
1200 4011 1212 4034 u

328 4065 642 4134 mmmmhfflz

327 4156 363 4218 (3)
378 4156 413 4207 tte
429 4157 521 4220 cum..
537 4159 558 4220 1,
575 4161 648 4211 itt.
662 4187 694 4199 -
709 4161 769 4222 1,8.
787 4165 853 4214 t.-
870 4168 925 4216 eto.
