3062 4942
364 1372 490 1446 Restat
502 1379 554 1462 ut,
576 1373 672 1446 unde
684 1373 845 1466 cepimus
860 1372 1062 1459 exordium,
1077 1370 1161 1442 inde
1191 1371 1329 1443 exitum

318 1499 531 1572 habeamus,

366 1625 471 1716 atqui
509 1631 659 1715 apparet
689 1625 727 1695 iu
760 1629 884 1695 nostro
917 1623 1075 1712 dialogo,
1106 1621 1175 1692 nisi
1213 1620 1329 1707 iallor,

318 1749 453 1820 inserta
482 1749 649 1838 quadam
674 1747 719 1820 de
752 1748 889 1819 ratione
917 1747 1056 1838 imperii
1095 1749 1209 1817 stoica
1246 1745 1331 1816 doc-

318 1873 447 1944 trina:
476 1872 521 1945 de
554 1891 627 1962 qua
659 1873 776 1944 conati
814 1891 941 1944 sumus
981 1871 1106 1943 afferre
1140 1870 1327 1960 judicium,

318 2015 437 2088 neque
456 2017 582 2089 parum
602 1998 684 2070 ideo
700 1999 831 2089 profuit
861 1997 981 2086 nobis,
999 2015 1071 2088 quo
1087 1997 1241 2069 eraserit
1256 1996 1333 2067 haec
1439 2052 1444 2060 .

319 2121 615 2194 administrandae
635 2184 642 2200 .
659 2122 864 2213 reipublicae
896 2122 986 2193 ratio
1018 2121 1116 2213 apud
1144 2121 1192 2193 tt.
1221 2120 1332 2191 Aure-

319 2246 405 2318 lium
438 2248 656 2338 perquirere.
692 2247 795 2319 Nunc
827 2255 970 2336 autem,
1005 2246 1093 2338 qnid
1130 2246 1332 2319 commercii

318 2367 495 2440 exstilerit
510 2369 603 2440 iuter
621 2367 760 2441 Stoicos
781 2370 1019 2461 philosophos
1041 2376 1076 2441 et
1094 2376 1146 2441 tot
1161 2370 1254 2440 viros
1274 2369 1334 2460 qui
1365 2359 1370 2370 ’

319 2499 511 2582 gesserunt
552 2495 825 2586 rempublicam,
862 2501 946 2566 ante
986 2493 1135 2567 Senecae
1174 2503 1335 2586 tempora

321 2623 429 2707 atque
464 2617 572 2690 etiam
605 2620 700 2691 circa
738 2618 937 2706 Senecam,
975 2619 1130 2691 breviter
1159 2619 1334 2710 respicere

321 2740 452 2833 placet.
488 2741 656 2816 Forsitan
685 2745 764 2816 haec
795 2743 1036 2816 consideranti
1065 2762 1140 2815 non
1175 2743 1226 2814 ita
1258 2744 1335 2816 sine

322 2863 450 2938 ellectu
484 2865 522 2938 iu
559 2885 751 2940 commune
783 2868 919 2940 bonum
952 2867 1131 2960 prodiisse
1164 2873 1336 2959 appareat

323 2987 521 3062 Stoicorum
556 2991 704 3082 placita,
723 3011 805 3083 quae
834 2992 978 3084 quidem
1009 2993 1046 3063 in
1067 3000 1229 3064 nostrum
1252 2991 1334 3064 dia·

324 3114 444 3206 logum
462 3115 567 3208 quasi
583 3117 678 3190 coire
693 3117 872 3190 ridentur.

373 3235 571 3313 Stoicorum
598 3241 695 3314 enim
729 3242 929 3315 doctrinam
956 3263 1030 3315 nou
1064 3243 1243 3316 immerito
1263 3243 1336 3316 dic-

326 3369 400 3436 tum
433 3369 489 3438 est
517 3363 641 3439 Romae
661 3344 809 3456 versari,
825 3368 931 3458 quasi
959 3368 995 3440 in
1029 3368 1211 3441 domicilio
1240 3376 1276 3441 et
1303 3369 1338 3440 in

326 3487 442 3582 patrio
461 3507 541 3562 sua.
572 3488 676 3563 Prius
701 3493 797 3565 enim
818 3512 927 3584 quam
956 3494 1069 3566 ullum
1101 3502 1249 3567 noverat
1277 3494 1341 3567 Ze-

328 3613 433 3688 nonis
471 3611 701 3708 disclpulum,
738 3615 894 3690 Stoicam
929 3618 1087 3692 indolem
1113 3621 1188 3710 iam
1224 3621 1341 3712 prisca

329 3741 434 3812 atarto
453 3755 528 3828 prro
543 3756 582 3812 sc
602 3738 683 3813 tulit
696 3739 891 3832 imperiosa
909 3742 972 3814 illa
991 3743 1128 3815 civitas.
1145 3743 1226 3817 lam
1248 3763 1342 3816 com·

331 3859 518 3936 rrtotttlclos
536 3867 571 3935 ot
590 3861 692 3936 lictus
708 3863 814 3952 uiros,
831 3865 1017 3939 Horatium
1033 3867 1202 3941 Coclitem
1219 3876 1340 3960 totque

331 3983 422 4060 allos
445 4001 595 4078 uttorotu
614 3985 711 4080 ptttrui
730 3987 882 4079 tegimus
895 3991 1029 4064 selecta
1045 3993 1205 4080 nomina,
1220 4011 1341 4065 nonne

332 4105 610 4204 quoquomodo
643 4107 780 4186 Stoicos
811 4133 892 4187 sese
920 4116 1125 4190 ostendisse
1149 4118 1228 4208 jure
1261 4119 1341 4209 quis
