3080 4948
639 1106 790 1183 CAPUT
815 1108 830 1183 1

536 1364 582 1414 bu
608 1361 756 1416 blandai
778 1361 935 1417 nantolii:

278 1629 384 1719 Atqui
418 1629 454 1700 in
491 1630 593 1702 tertio
622 1629 727 1722 primi
749 1629 826 1700 libri
858 1629 989 1720 capite,
1019 1628 1240 1720 propositum

232 1754 308 1845 ipse
339 1755 388 1825 ita
417 1754 585 1846 explicuit
617 1754 656 1827 L.
688 1753 869 1826 Annaeus:
902 1779 917 1820 r
947 1753 1088 1825 Intres
1121 1759 1243 1845 partes

232 1873 374 1950 omnem
424 1879 518 1950 banc
559 1879 743 1952 materiam
791 1877 960 1950 dividam.
1009 1876 1128 1950 Prima
1179 1878 1245 1950 erit

234 1994 529 2067 manumissionis
549 1993 617 2089 (l);
655 1995 815 2067 secunda
854 2013 898 2066 ca
943 2013 1025 2084 quae
1077 2003 1242 2067 naturam

234 2119 433 2191 clementiae
482 2119 717 2210 habitumque
768 2118 1005 2192 demonstret:
1040 2138 1124 2190 nam
1162 2137 1242 2190 cum

235 2245 306 2314 sint
324 2244 409 2315 vitia
429 2244 595 2334 quaedam
619 2245 766 2318 uirtutes
785 2244 977 2332 imitantia,
1000 2262 1070 2314 non
1090 2250 1245 2335 possunt

235 2368 385 2454 secerni,
416 2368 484 2440 nisi
506 2368 548 2441 iis
569 2369 687 2459 signa,
719 2369 850 2460 quibus
882 2369 1153 2458 dignoscamur,
1176 2369 1245 2440 im-

234 2493 429 2585 presseris;
447 2494 550 2566 terlio
571 2493 648 2566 loco
664 2513 866 2584 quaeremus
883 2495 1063 2585 quomodo
1085 2493 1130 2566 ad
1151 2495 1246 2565 banc

235 2619 397 2690 uirtutem
419 2617 634 2709 perducatur
666 2619 824 2707 animm,
847 2619 1027 2710 quomodo
1063 2619 1248 2691 confirmet

235 2762 314 2815 cam
349 2748 384 2816 et
413 2761 480 2814 usn
498 2762 600 2832 suam
618 2743 738 2815 iaciat.
761 2771 777 2807 »

267 3029 311 3093 (l).
327 3048 339 3074 o
353 3029 445 3081 dianus
460 3027 611 3092 injectionis
627 3047 639 3073 n
658 3027 680 3080 si
696 3027 826 3094 Madvigio
842 3028 975 3080 assentias
1004 3028 1053 3091 (cl.
1072 3029 1182 3080 Addere.
1197 3027 1250 3079 ori-

235 3109 297 3172 ticu,
313 3112 333 3160 t.
350 3109 382 3171 il,
398 3123 427 3175 p.
447 3108 515 3174 latit:
535 3127 545 3156 r
561 3109 593 3160 Ut
610 3108 655 3160 tibi
670 3121 779 3160 manum
795 3107 910 3172 injiciam
925 3121 957 3160 ac
975 3111 1000 3160 te
1014 3112 1138 3170 loneanr;
1153 3121 1250 3160 merrus

235 3191 342 3256 injectio
357 3202 406 3256 pro
421 3202 475 3243 uno
494 3190 626 3242 vocabulo
638 3193 696 3243 orat
710 3191 736 3242 in
759 3189 1012 3254 iurisconsultorum
1032 3201 1157 3242 sermone
1175 3193 1202 3242 et
1217 3189 1252 3241 ita

236 3270 343 3336 ponitur
364 3270 435 3336 apud
460 3270 548 3334 insum
566 3271 706 3328 Senecam,
728 3270 759 3321 de
784 3272 865 3322 currat.
885 3283 961 3335 sup.,
984 3272 1009 3321 b'.
1024 3273 1050 3323 7.
1070 3289 1081 3316 ι
1101 3297 1132 3307 -
1145 3271 1186 3332 rit,
1201 3269 1252 3322 nisi

237 3350 321 3414 lallor,
337 3364 431 3416 parum
447 3351 560 3404 feliciter
574 3350 599 3401 in
615 3351 700 3403 nostri
725 3351 775 3403 loci
793 3350 954 3402 sententiam
973 3352 1025 3404 boc
1040 3350 1151 3404 verbum
1167 3354 1253 3403 trans-

238 3431 298 3484 terri
307 3444 389 3498 posse
409 3432 522 3485 ridetur.
540 3432 594 3484 lllic
611 3431 683 3483 enim
700 3431 783 3497 Stilpo
799 3432 899 3498 agitur:
917 3453 927 3476 u
945 3432 1065 3484 ilabebat
1086 3445 1179 3485 secum
1192 3445 1254 3484 uera

237 3512 317 3574 bona,
331 3512 358 3564 in
373 3525 433 3577 quae
447 3523 501 3564 non
520 3516 562 3564 est
576 3525 672 3564 manus
688 3510 824 3576 injectio.»
836 3511 911 3574 Quod
926 3512 1035 3578 quidem
1050 3511 1145 3564 hostile
1160 3511 1253 3564 nescio

238 3591 301 3658 quid
317 3593 480 3646 acbolllcum
506 3596 592 3655 sonat,
608 3605 697 3658 nequo
721 3597 763 3646 est
788 3593 861 3659 quod
883 3593 936 3645 tale
961 3592 1059 3659 aliquid
1079 3592 1253 3658 conjiciamus

239 3677 331 3726 nostro
345 3673 452 3738 dialogo
470 3671 567 3724 iulssse
581 3672 754 3738 adscriptum.

270 3756 393 3807 Ceterum
419 3774 431 3799 «
454 3753 647 3805 mansuefactio
671 3775 682 3798 ν
713 3754 852 3819 proposuit
879 3755 911 3806 ll.
939 3754 969 3807 c.
996 3753 1073 3806 Gertz
1101 3753 1140 3815 (t.
1161 3753 1254 3804 Annei

240 3832 341 3887 Seneca
363 3834 443 3886 libros
467 3833 498 3885 de
520 3833 651 3899 benefieiis
675 3836 698 3884 et
726 3833 757 3884 de
781 3833 921 3886 clerncntla
938 3834 971 3887 ad
989 3834 1110 3887 codicem
1135 3834 1254 3886 nazaria-

240 3925 304 3964 num
331 3911 466 3964 recensuit
494 3913 525 3962 lll.
556 3912 583 3963 d.
610 3911 687 3962 Gertz
712 3914 774 3972 etc,
803 3911 918 3964 Berolini
951 3911 1021 3977 apud
1049 3911 1253 3973 Weidnrannos,

241 3993 466 4052 ldlicccbtlllvlr,
482 4006 510 4058 p.
528 3993 575 4044 aba
589 3992 681 4044 adnot.
699 3992 790 4054 critic;
808 4005 858 4045 nec
875 3992 984 4058 quidem
999 3993 1136 4055 audacter,
1153 3992 1252 4059 quippe

242 4075 286 4137 uui
302 4074 411 4126 minime
426 4073 610 4139 accipiendum
622 4073 734 4126 uerbum
750 4073 849 4125 scribat
863 4074 941 4127 simul
956 4077 1036 4141 alque
1052 4074 1149 4127 deleat.

275 4156 329 4220 Ego
343 4154 452 4220 quidem
471 4173 483 4200 o
500 4154 693 4207 manuductio»
709 4152 805 4207 afferro
818 4154 913 4208 ausim.
