3062 4942
600 587 820 660 -ltl-

217 732 413 830 uctoritas,
433 744 484 813 sic
510 741 650 812 locutus
667 739 720 832 (1)
739 765 747 812 :
773 767 788 806 r
811 739 965 826 Quidam
985 762 1057 815 non
1080 744 1227 832 exigunt

216 885 358 958 pronas,
376 865 538 937 crudeles
562 871 683 936 tamen
700 871 796 953 sont,
813 871 986 956 tanquam
1008 869 1069 957 qui
1085 869 1226 958 ignotos

216 990 381 1062 homines
397 996 433 1061 et
452 990 589 1076 obvios,
609 1008 679 1060 non
699 989 735 1059 ln
755 990 1022 1080 compendium,
1046 991 1110 1063 sed
1138 993 1228 1062 occl-

217 1114 325 1187 dendi
359 1133 484 1202 causa,
509 1114 696 1202 occidunt,
726 1133 792 1185 nec
821 1114 1020 1187 interficere
1055 1116 1226 1202 contenti,

217 1239 381 1312 saeviunt.
405 1267 421 1303 >2
445 1238 645 1312 Possumus
661 1238 777 1310 dicere
802 1258 873 1310 non
890 1259 970 1312 csse
990 1242 1085 1313 luanc
1105 1240 1231 1312 crude·

217 1364 353 1436 litatem
381 1364 446 1436 sed
472 1364 662 1450 toritatem,
691 1363 747 1434 cul
777 1364 950 1455 voluptati
975 1365 1112 1438 saevitia
1145 1373 1226 1454 est;

217 1507 411 1580 possumus
427 1488 607 1588 insaniam
625 1506 771 1560 vocare:
791 1507 874 1560 nam
889 1489 985 1560 varia
1002 1497 1230 1580 suntgenora

219 1614 297 1704 eius
317 1620 352 1686 et
374 1614 512 1685 nullum
532 1613 677 1701 certius,
694 1632 802 1704 quam
832 1614 929 1704 quod
961 1615 998 1686 in
1026 1615 1144 1688 caedes
1168 1615 1232 1686 ho-

220 1738 355 1810 minum
385 1745 420 1811 et
453 1739 715 1810 lancinationes
744 1739 917 1829 pervenit.
952 1766 969 1803 »
1009 1737 1113 1824 Quod
1143 1739 1230 1810 mire

219 1864 383 1953 congruit
398 1881 476 1935 cum
493 1862 643 1935 Neronis
660 1863 838 1935 erroribus
858 1864 1043 1936 nocturnis
1059 1861 1120 1959 (2).

266 1988 405 2061 Etenim
435 1994 487 2077 ut,
504 1988 616 2059 civilis
631 1987 682 2058 vir
712 1993 747 2059 et
772 1987 879 2060 rebos
909 1989 1068 2060 romanis
1086 1989 1232 2080 praelec-

219 2119 291 2202 tus,
308 2113 524 2186 verecundia
544 2112 700 2202 quadam
723 2112 1013 2202 obstringebatur
1028 2131 1114 2202 erga
1136 2112 1232 2202 prin-

221 2239 349 2330 cipem,
362 2240 413 2311 sic
426 2240 473 2324 ei,
484 2244 522 2310 ot
537 2238 751 2330 philosopho
766 2233 826 2333 (3),
839 2238 937 2309 licuit
952 2238 1098 2309 liberius
1112 2238 1232 2327 eloqui

221 2371 256 2436 et
275 2364 452 2455 asperius.
472 2363 514 2435 Et
530 2363 619 2435 illud
639 2382 760 2435 nonne
784 2362 1138 2434 animadvertendum
1162 2368 1229 2448 est,

222 2507 292 2578 quo
312 2489 402 2560 liber
420 2488 516 2580 prior
530 2488 638 2560 finem
668 2487 777 2579 capit,
795 2487 839 2559 de
854 2487 1025 2578 principis
1055 2505 1201 2558 munere
1221 2510 1228 2557 :

228 2641 245 2677 o
263 2613 349 2686 llaec
381 2599 500 2684 divina
527 2613 688 2704 potentia
719 2618 787 2699 est,
804 2613 978 2702 gregatim
1021 2630 1063 2682 ac
1090 2610 1232 2701 publice

223 2757 383 2826 servare;
416 2739 548 2812 multos
578 2738 722 2828 quidem
753 2737 913 2810 occidero
945 2742 980 2808 et
1003 2736 1231 2822 indiscretos,

223 2864 380 2936 incendii
402 2883 444 2936 ac
469 2864 582 2936 ruinae
601 2863 762 2954 potentia
778 2862 861 2934 est‘l
879 2888 894 2928 »
912 2860 1115 2934 Carendum
1136 2861 1232 2931 enim

222 2989 378 3079 nequis
417 3008 567 3080 propere
597 2991 727 3060 clamet
766 2987 856 3059 nihil
875 2986 946 3058 nisi
967 2985 1233 3058 assentationes

224 3132 408 3186 occurrere
425 3115 461 3185 ln
478 3115 547 3185 lroc
566 3113 709 3201 dialogo
730 3109 790 3208 (l).

258 3423 291 3487 (l)
309 3421 343 3474 De
357 3423 443 3484 elem,
457 3423 489 3482 ll,
504 3423 528 3472 l.
544 3422 556 3472 l
573 3423 600 3472 et
613 3421 640 3470 d.

258 3523 293 3587 (dl
310 3521 401 3574 Adde:
421 3541 433 3567 o
450 3522 548 3573 llorum
566 3532 601 3571 ne
617 3532 633 3570 a
647 3517 808 3570 necessariis
834 3516 943 3582 quidem
959 3515 1008 3567 sini
1033 3515 1121 3567 rabios
1138 3518 1238 3579 tempe-

228 3609 268 3657 rat
282 3625 294 3650 »
322 3604 355 3669 (l,
370 3603 408 3654 26.
424 3603 461 3666 l),
478 3615 539 3667 quae
553 3599 662 3665 quidem
683 3598 781 3663 scripta
793 3601 855 3649 sunt
882 3601 1056 3662 posteaquam
1071 3595 1238 3648 Britannicus

227 3697 333 3738 veneno
351 3687 393 3736 est
406 3682 572 3734 interiectus.

260 3788 294 3850 l3)
313 3785 351 3836 ct.
367 3784 398 3835 G.
415 3781 541 3844 Bolssler,
558 3781 585 3832 lo
603 3779 723 3844 deltoton
736 3777 858 3829 cornutae
874 3775 1015 3842 d’Auuoste
1028 3790 1085 3829 uun
1098 3776 1240 3838 Arttonius,

228 3869 248 3919 t.
263 3867 294 3931 ll,
309 3880 336 3931 p.
349 3865 430 3916 2039.

261 3965 298 4028 (l)
316 3962 366 4024 ct,
378 3963 407 4013 ut
421 3959 545 4026 exemplo
559 3961 627 4022 utor,
645 3957 810 4011 Schillerium
819 3955 919 4020 (decula
930 3955 956 4006 d.
970 3967 1051 4006 roem
1061 3952 1242 4006 Kaisarroiolar

229 4045 310 4094 anter
326 4041 405 4104 Nero,
417 4054 446 4106 p.
461 4041 515 4100 700,
532 4039 622 4092 adnot.
633 4039 659 4102 9)
674 4038 772 4105 dialogi
786 4038 817 4089 de
830 4038 877 4089 iro
893 4036 953 4088 loca
966 4034 1046 4088 etiam
1061 4036 1241 4086 ostentantem

230 4123 265 4185 (2,
279 4122 369 4186 tto-333
382 4121 406 4182 3,
422 4119 501 4184 14-15,
515 4118 569 4183 23).
