3080 4948
724 658 920 732 ..542-

317 815 367 885 ita
400 814 591 904 primarius
621 813 774 903 quisque
807 814 871 898 vir,
912 819 974 884 aut
1007 813 1119 901 dives,
1156 820 1264 904 atque
1300 814 1325 885 ii
1364 899 1372 914 .

316 959 408 1029 quos
437 945 584 1010 noverat
610 938 778 1029 princeps
807 957 879 1008 non
914 938 1061 1008 omnino
1093 944 1187 1009 metu
1219 957 1323 1010 vaca-

314 1061 429 1158 bant(
455 1061 477 1156 i,
502 1082 619 1152 neque
637 1063 708 1133 itiis
727 1062 763 1132 in
782 1062 860 1152 jure
880 1063 1029 1134 muitum
1051 1070 1126 1135 eret
1146 1062 1320 1153 praesidii:

315 1188 413 1279 quod
442 1187 519 1278 ipse
549 1187 623 1276 iem
658 1193 765 1258 antea
799 1184 836 1256 L.
869 1184 1027 1257 Aunaens
1056 1193 1222 1277 expertus
1255 1191 1321 1273 est,

315 1314 398 1386 Caio
415 1314 627 1404 imperante.
651 1310 738 1384 Cum
762 1311 856 1383 enim
878 1311 999 1382 omnia
1015 1312 1123 1382 unius
1138 1312 1321 1384 dominatu

312 1444 533 1525 tenerentur,
560 1443 595 1509 et
615 1455 729 1527 penes
748 1435 944 1526 principem
976 1442 1073 1507 esset
1094 1436 1165 1507 vita
1196 1437 1322 1509 civium

313 1572 421 1654 atque
438 1537 548 1648 mors,
565 1562 649 1633 inde
666 1562 784 1633 evenit
808 1567 845 1632 ut
859 1561 1033 1651 privatam
1050 1562 1225 1634 offensam
1243 1581 1320 1633 cum

314 1689 558 1780 perdueltione
579 1687 713 1777 saepius
737 1687 902 1758 misceret
922 1684 1053 1757 Coeser.

362 1813 562 1903 Principem
593 1812 701 1900 igitur
721 1811 764 1882 rie
785 1811 975 1882 clementia
993 1809 1032 1881 L.
1056 1809 1228 1899 minuens,
1251 1831 1319 1883 non

312 1937 542 2030 praeceptoris
577 1942 716 2008 tantum
757 1955 868 2023 more,
899 1935 964 2006 sed
998 1935 1046 2006 ad
1078 1937 1179 2008 stoici
1208 1936 1322 2029 philo·

312 2063 415 2153 sopiri
455 2062 570 2132 instar
607 2060 714 2132 etium
755 2059 939 2143 admonet,
985 2066 1020 2131 et
1059 2059 1222 2147 deorum,
1262 2066 1322 2132 aut

310 2188 430 2278 potius
446 2188 642 2257 Stoicorum
668 2184 732 2256 Dei
754 2184 916 2256 meminit
943 2185 1094 2276 principi
1122 2203 1320 2276 proponere

311 2313 505 2402 exemplar.
541 2309 598 2381 Sic
626 2309 838 2381 Bossuetius
872 2316 1008 2397 noster,
1040 2329 1120 2381 cum
1142 2309 1318 2382 Luriuvicu

309 2438 404 2527 regis
435 2437 553 2509 nificie
584 2440 811 2521 memoraret,
829 2435 909 2525 ipsa
938 2433 1135 2506 sacerdotis
1171 2435 1320 2508 consina

309 2563 460 2634 summis
494 2561 700 2632 christionee
730 2558 813 2630 fidei
850 2559 1035 2649 principiis
1066 2560 1207 2631 censuit
1240 2577 1319 2631 esse

308 2684 586 2758 corroborantia.
632 2684 715 2756 Jure
763 2684 858 2754 enim
906 2683 1024 2755 divino
1070 2691 1317 2756 consecratum

307 2830 426 2900 regem
444 2812 620 2881 allocutus
638 2808 825 2879 admonuit
844 2814 882 2878 ut
896 2809 1010 2880 Deum
1042 2809 1242 2881 imitaretur
1256 2804 1315 2904 (ᾖ).

352 2937 476 3027 Neque
508 2937 610 3006 aliter
626 2934 763 3007 Seneca
800 2934 1031 3006 clementiam
1052 2933 1185 3007 Neroni
1213 2954 1313 3007 cum-

306 3060 501 3148 mendare,
554 3080 626 3131 non
672 3067 744 3130 tam
793 3059 877 3148 quia
917 3059 1055 3130 uirtutis
1106 3059 1174 3130 rim
1217 3059 1314 3131 iliam

304 3186 438 3258 hahere
460 3186 619 3270 duceret,
649 3203 756 3274 quam
781 3183 877 3273 qnod
909 3203 952 3256 ea
976 3184 1055 3274 iege
1083 3184 1314 3257 constitutum

304 3310 573 3401 imperatorium
597 3329 731 3380 munus
750 3309 862 3381 fuisse
879 3309 1068 3399 judicaret.

352 3434 444 3520 Quid
459 3441 577 3506 autem
596 3434 639 3506 cte
658 3435 718 3504 iiie
734 3435 963 3524 imperatorio
980 3452 1128 3506 munere
1145 3435 1311 3524 senserit,

302 3561 455 3652 primum
477 3559 735 3648 intelligemus.

331 4030 435 4092 (ltTac.
455 4028 523 4080 ilict.
554 4029 877 4091 iv,tt:«Lnudatorum
910 4030 1059 4097 principum
1080 4044 1146 4083 usus
1176 4042 1310 4095 exaequo,

298 4105 420 4170 quamvis
433 4106 527 4171 procul
539 4107 693 4172 ugentinum
709 4107 773 4159 srevi
789 4107 917 4173 proximis
929 4108 1066 4176 ingruunt.
1088 4128 1100 4153 υ

331 4195 363 4258 (2)
382 4195 414 4246 V.
435 4194 466 4244 G.
484 4194 609 4259 Boissier‚
626 4195 653 4248 ta
666 4194 786 4261 lictipicrt
800 4197 932 4260 rerumne,
949 4201 970 4250 t.
982 4197 1002 4260 1,
1018 4211 1047 4262 p.
1068 4198 1151 4251 tor-5.
