3062 4942
732 584 952 668 -lro-

343 751 446 824 detur
463 750 585 822 nesoiu
613 768 721 838 quam
748 748 899 820 Neronis
913 747 1071 822 vocem?
1096 775 1112 811 «
1135 747 1351 837 Praestitisti,

342 873 475 962 Caesar,
507 875 683 946 civilatem
712 873 951 960 incruentam,
982 878 1017 944 et
1042 874 1124 960 boo,
1151 873 1249 962 quod
1275 893 1352 944 ma-

341 1019 412 1089 gno
426 999 546 1070 animo
566 997 738 1088 gloriatus
755 1015 808 1084 eS,
823 996 959 1067 nullam
975 1002 1009 1068 te
1026 1002 1098 1068 toto
1114 996 1200 1069 orbe
1218 997 1350 1069 stillam

340 1123 475 1196 cruoris
507 1122 656 1194 bumani
703 1121 862 1209 misisse,
906 1139 948 1192 ao
972 1121 1089 1211 maius
1128 1127 1183 1193 est
1212 1111 1355 1195 mirabi-

339 1247 495 1338 liusque,
527 1247 624 1338 qrrud
653 1246 741 1318 nulli
774 1265 933 1336 unquam
963 1246 1067 1318 eitius
1087 1246 1232 1335 gladius
1255 1265 1353 1319 eom·

340 1373 474 1444 missus
504 1377 558 1444 est
576 1369 643 1462 (l).
666 1399 683 1436 »
717 1371 843 1443 Nonne
877 1370 1000 1441 debuit
1028 1369 1075 1441 ad
1110 1370 1147 1442 id
1175 1372 1359 1444 Neronem·

341 1502 516 1569 attentum
540 1496 669 1584 latere,
692 1494 827 1566 nemini
851 1495 985 1566 seilicet
1009 1493 1216 1585 Sapientem
1250 1495 1351 1568 blau-

341 1622 422 1710 diri,
451 1621 584 1694 nedum
615 1620 759 1694 doceret
789 1618 994 1710 Sapientem
1029 1639 1146 1710 neque
1177 1621 1353 1709 misereri,

340 1766 462 1837 neque
491 1746 629 1819 reniam
671 1746 838 1835 cuiquam
879 1745 990 1816 darei
1020 1746 1234 1833 Mehercule,
1276 1766 1354 1818 oum

341 1871 471 1962 legitur
489 1872 588 1944 bione
609 1873 709 1944 loous
730 1872 766 1942 in
787 1870 945 1974 seeundo
964 1870 1067 1959 libro,
1090 1898 1106 1934 (ι
1133 1871 1269 1944 diutius
1300 1891 1354 1944 me

341 1996 523 2070 immorari
554 1997 637 2068 huie
663 2002 786 2088 palere
809 1995 897 2084 voei,
930 2014 1002 2076 nou
1032 2001 1070 2066 ut
1097 1995 1271 2068 blandum
1295 2015 1357 2068 au·

341 2122 439 2194 ribus
468 2123 539 2194 luis
567 2119 644 2213 (neo
676 2122 770 2194 enim
805 2121 862 2192 hio
892 2120 978 2192 mibi
996 2140 1073 2192 mos
1105 2127 1179 2208 est;
1220 2122 1355 2194 malue-

340 2247 406 2317 rim
426 2248 517 2320 veris
544 2245 842 2335 olienderequam
865 2242 1212 2341 plaeereadulando)
1228 2273 1264 2335 »,
1283 2265 1353 2318 nou

337 2371 417 2462 iure
434 2373 564 2463 aliquis
584 2370 829 2460 interrogabit,
859 2369 1031 2459 quidnam
1054 2370 1161 2460 igitur
1193 2377 1292 2460 agat,
1323 2371 1351 2442 si

339 2515 415 2568 non
450 2498 634 2584 adulatur,
671 2495 869 2587 praesertim
900 2495 998 2585 quod
1036 2522 1052 2558 o
1088 2495 1194 2566 istam
1244 2495 1352 2568 animi

342 2622 654 2696 mansueludinem
675 2647 688 2684 u
709 2621 822 2716 iaetat
839 2618 1053 2690 iratrioidaei
1075 2615 1124 2715 (2)

389 2747 481 2838 Ergo
516 2752 678 2818 nostrum
708 2745 750 2816 de
771 2745 951 2816 clementio
977 2744 1158 2834 dialogum
1191 2746 1352 2823 consola-

341 2872 429 2945 tioni
449 2871 499 2943 illi
519 2871 562 2941 ad
584 2869 784 2960 Polybium,
813 2875 851 2939 ut
880 2869 1206 2959 praestantissimus
1237 2870 1350 2944 bisto-

341 2997 403 3068 riae
428 2989 592 3073 romanae
621 2995 782 3085 scriptor,
814 2993 1122 3066 assimilabimus?
1147 2993 1252 3079 Quod
1278 2995 1353 3087 qui·

341 3120 437 3210 dem,
474 3119 544 3191 nisi
582 3119 698 3208 fallor,
739 3137 901 3190 severum
942 3123 1039 3190 esset
1068 3137 1182 3208 usque
1219 3119 1266 3192 ad
1302 3120 1354 3194 in·

340 3245 483 3336 juriam.

389 3367 542 3454 Etenim,
568 3385 614 3438 ue
634 3366 777 3456 singula
821 3384 1038 3456 percurram,
1063 3366 1273 3457 omissoque
1295 3368 1355 3440 illo

340 3493 474 3582 dialogi
492 3491 636 3565 exordio
652 3491 696 3563 de
717 3510 788 3580 quo
809 3498 916 3562 antea
935 3491 1149 3563 sententiam
1179 3492 1351 3582 explioui,

373 3805 407 3868 (l)
426 3800 509 3862 lln'd„
529 3801 600 3862 l,ll.
620 3800 646 3848 3.

373 3891 408 3957 (ἓ)
426 3889 511 3951 ibid,
528 3889 559 3950 ll,
578 3892 604 3938 Ξ,
621 3889 645 3938 l.
660 3915 689 3924 -
704 3887 743 3938 el.
758 3888 818 3938 Tau.
854 3890 924 3938 Arrio.
944 3889 995 3950 XV,
1014 3889 1058 3939 el:
1091 3889 1194 3940 Seneca
1215 3889 1355 3955 respondit

343 3995 353 4018 .
373 3984 424 4023 nee
438 3969 486 4022 sibi
502 3972 653 4034 promptum
669 3968 695 4018 in
722 3967 889 4019 adulationes
914 3969 1064 4034 ingenium3
1081 3969 1161 4033 idque
1184 3968 1247 4020 nulli
1273 3970 1356 4036 nangis

342 4064 454 4118 gnarum
473 4062 555 4115 quam
576 4049 683 4111 Neroni,
700 4049 744 4114 qui
762 4049 860 4113 saepius
876 4049 1025 4101 libertatem
1048 4049 1158 4102 Senecae
1179 4062 1260 4114 quam
1276 4049 1355 4104 sorri-

343 4135 407 4188 tium
423 4132 549 4196 expertus
567 4132 648 4180 esset.
674 4147 686 4172 v>
