3080 4948
666 605 863 682 ...51-

261 780 336 853 prae
356 781 395 834 se
412 761 549 834 terebat
562 759 760 849 Augustus,
783 761 892 831 animi
910 761 1012 834 dotes
1032 763 1122 835 adeo
1143 783 1271 836 moro·
1329 791 1331 797 ·

258 893 341 958 runt
378 885 666 971 admirationem,
705 891 743 956 ut
788 885 1073 976 adipiscerentur
1106 889 1270 962 caelestes

257 1012 463 1084 honoreset
482 1010 693 1082 colerentur.
722 1008 800 1080 iam
831 1008 1027 1084 Lusitaniae
1061 1013 1270 1104 oppidulum

257 1135 438 1226 quoddam
458 1132 542 1208 Caio
560 1133 628 1224 ipsi
646 1132 810 1206 devotum
832 1140 900 1223 ost,
922 1153 1270 1228 nequaquemquam

256 1259 346 1332 ialiit
381 1259 417 1332 in
457 1257 649 1351 provintiis
683 1259 816 1350 templa
848 1259 1125 1350 imperatoribus
1160 1262 1272 1336 inisse

256 1391 388 1458 erecta.

305 1509 415 1615 igitur
449 1507 486 1579 L.
515 1507 675 1581 Annaeus
708 1529 926 1601 magnopere
955 1510 1002 1581 ad
1035 1510 1074 1582 id
1089 1511 1273 1584 studuisse

255 1635 342 1706 mitri
358 1623 509 1721 videtur,
527 1641 566 1706 ut
585 1634 655 1705 divi
673 1635 817 1706 nomine
843 1634 935 1707 Nero
955 1654 1027 1707 non
1062 1635 1275 1725 gioriaretur

254 1764 409 1846 tantum,
449 1758 650 1832 sedetiam
685 1758 732 1830 ad
766 1759 962 1831 oisrciorum
995 1761 1203 1832 memoriam
1240 1766 1277 1833 et

256 1884 415 1956 muneris
447 1884 614 1955 immensi
644 1890 881 1968 revocaretur,
912 1884 1022 1956 immo
1043 1891 1275 1971 consecratus

255 2010 423 2102 princeps
439 2015 475 2080 et
493 2006 540 2080 ad
568 2008 708 2080 divinos
748 2009 904 2081 honores
940 2008 1143 2081 destinatus
1184 2009 1276 2081 nihii

254 2134 323 2205 nisi
347 2132 467 2205 divina
489 2132 656 2225 proviriii
688 2139 789 2224 parte
823 2137 958 2222 ageret.
989 2130 1074 2204 Sine
1103 2134 1275 2224 superbia

255 2258 424 2330 insolenti
446 2258 498 2329 sic
514 2257 602 2329 deos
622 2257 699 2328 fieri
719 2257 818 2329 tinuit
838 2276 903 2349 per
931 2257 1086 2330 Stoicam
1120 2259 1277 2351 phiioso-

254 2383 393 2474 phiam,
424 2382 595 2472 quoniam
627 2379 836 2472 Sapientem
875 2382 945 2453 diis
979 2382 1068 2473 ipsis
1101 2388 1275 2475 praestaro

256 2505 365 2579 Stoici
384 2506 640 2599 opinabantur.
670 2505 765 2577 Nihil
785 2506 892 2595 igitur
923 2507 1017 2578 ultra
1036 2507 1128 2580 vires
1144 2508 1276 2578 huma-

256 2650 323 2704 nas
343 2630 562 2719 vindicabat,
591 2636 626 2702 et
647 2630 764 2702 iibens
793 2630 970 2703 Neronem
1000 2631 1050 2702 ita
1070 2649 1191 2703 seeum
1225 2631 1276 2702 io-

256 2761 424 2846 quentem
441 2754 603 2826 induxit:
640 2781 656 2817 «
686 2753 760 2844 Ego
781 2755 915 2827 eieotns
932 2773 1010 2826 sum
1030 2755 1091 2845 qui
1111 2755 1148 2827 in
1168 2755 1273 2828 terris

257 2879 404 2952 deorum
423 2881 499 2952 vioe
518 2880 686 2969 fungerer
703 2875 764 2974 (1).
795 2907 811 2942 υ
841 2878 917 2951 Hoc
950 2879 1190 2971 imperatoriae
1221 2879 1276 2950 di·

256 3004 404 3096 gnitatis
420 3004 687 3095 compendium,
716 3005 785 3076 hoo
803 3004 1001 3097 prinoipem
1039 3005 1160 3076 animo
1191 3005 1272 3077 roi-

256 3329 391 3390 Romarm,
406 3328 625 3381 Administration
635 3327 779 3394 d'Aupuste
794 3328 862 3380 dans
879 3327 919 3380 les
931 3327 1082 3394 provinoeS.
1102 3343 1132 3393 p.
1157 3328 1188 3379 37
1202 3328 1273 3382 circo

258 3410 308 3468 (cr.
327 3425 356 3477 p.
376 3409 431 3472 265,
445 3413 472 3463 et
495 3423 525 3476 p.
550 3409 589 3470 ro,
606 3409 663 3462 att:
683 3428 695 3454 n
713 3410 785 3462 Aroe
804 3407 839 3460 de
866 3407 946 3460 toties
961 3407 1104 3460 habitndes
1119 3407 1239 3474 d'esprit‚
1256 3409 1273 3461 il

256 3490 295 3542 sut
309 3488 364 3540 nise
380 3487 565 3540 auxitomains
577 3487 613 3540 do
629 3487 788 3555 distinguer,
813 3487 881 3540 dans
893 3488 933 3540 tes
954 3501 1122 3555 empereurs,
1138 3487 1163 3540 le
1178 3488 1272 3554 prinoe

256 3571 301 3637 qui
315 3569 425 3622 commit
437 3569 537 3636 pariois
547 3573 604 3622 tant
615 3571 649 3623 do
662 3570 759 3622 crimes
775 3570 852 3624 oudo
866 3570 953 3631 solies,
969 3573 996 3622 et
1016 3573 1086 3622 cetto
1101 3569 1272 3636 intelligendo

255 3651 404 3717 imperiale.
420 3651 540 3715 toutours
554 3650 579 3702 la
594 3652 683 3703 memo
707 3663 772 3704 sous
786 3649 835 3703 des
846 3663 924 3702 noms
948 3649 1096 3712 differents,
1114 3650 1221 3716 graoea
1236 3650 1273 3701 la-

256 3732 343 3798 quern
358 3735 421 3784 cont
437 3731 552 3785 miilions
569 3731 720 3784 d'itommes
740 3745 775 3784 ne
793 3731 880 3784 virent
894 3732 992 3783 durant
1016 3730 1087 3784 doux
1111 3730 1218 3792 sidetes,
1245 3729 1272 3796 ni

256 3827 310 3866 une
325 3814 442 3875 emente,
457 3811 535 3864 niles
546 3812 607 3865 ieux
624 3812 687 3864 d’un
704 3825 782 3877 camp
798 3811 917 3864 ennemi.
933 3831 946 3857 n
966 3812 1098 3877 [Excepto
1115 3810 1197 3876 quod,
1223 3811 1274 3864 Ne·

256 3905 323 3946 rouo
332 3893 483 3954 interiecto,
499 3892 574 3945 civito
591 3892 691 3945 beilum
707 3893 829 3956 exarsit.)

289 3987 324 4044 tt)
342 3981 375 4034 tte
396 3981 463 4032 ctam
480 4020 487 4043 ‚
505 3983 529 4043 1,
548 3980 615 4031 1.1.
638 3981 706 4043 -1,
727 3982 767 4032 19.
786 3982 820 4033 o:
840 4001 852 4026 u
875 3979 942 4043 Quid
957 3977 1075 4032 autem?
1101 3980 1160 4034 Non
1183 3979 1272 4045 proxi·

256 4076 329 4116 mum
341 4062 391 4114 ittis
408 4062 498 4114 iorum
514 4061 630 4124 tenetis,
647 4061 693 4127 qui
708 4073 739 4114 so
754 4074 787 4113 ex
797 4060 910 4115 deorum
927 4064 1022 4114 natura
1036 4059 1105 4128 gerit
1132 4058 1271 4112 beneficus

257 4157 289 4196 ac
305 4141 396 4210 largus
408 4133 435 4196 et
446 4141 473 4195 in
488 4142 583 4196 metius
599 4139 712 4208 potens?
730 4161 741 4186 »ι
