3080 4948
667 625 839 699 ...7-

251 777 421 850 mantiam
453 774 708 851 commendare
736 782 844 868 atquo
876 779 1070 853 extollere:
1110 800 1259 873 pravum
1299 831 1301 836 .

251 903 344 975 enim
378 901 549 992 prinoipis
582 901 766 990 ingenium
801 903 906 988 signa
939 904 996 975 sui
1026 905 1101 994 iam
1133 905 1258 991 dabat,

248 1028 363 1116 magis
398 1026 543 1117 quidem
581 1026 761 1114 flagitiosa
805 1045 914 1116 quam
967 1029 1175 1118 reipublioae
1222 1037 1258 1101 et

248 1152 401 1241 singulis
421 1151 556 1222 civibus
590 1150 772 1241 pestilera.
792 1149 861 1222 Sed
883 1152 1079 1244 perieulum
1101 1159 1179 1225 erat
1210 1172 1257 1224 ne

244 1277 467 1368 principatus
495 1276 598 1346 initia
617 1276 760 1365 longius
791 1285 1058 1366 permanarent,
1094 1278 1192 1351 ltrevi
1222 1278 1260 1349 in

246 1400 444 1472 erudiorem
480 1399 775 1490 vesanioremque
808 1401 1034 1491 tyrannidem
1069 1409 1255 1492 eruptura.

248 1525 352 1597 Haud
370 1526 527 1598 alienum
548 1524 735 1597 videbatur
768 1524 944 1598 Neronem
966 1527 1064 1598 omni
1094 1527 1199 1599 modo
1221 1528 1259 1598 in

247 1650 365 1722 ollieio
384 1649 551 1735 retinere,
572 1648 619 1719 ad
644 1648 741 1720 hona
764 1651 957 1738 exhortari,
981 1670 1003 1721 a
1026 1651 1131 1723 malis
1147 1650 1262 1724 deter-

246 1794 324 1848 rere
344 1779 379 1846 et
398 1774 522 1863 gloriae
542 1792 617 1845 suae
630 1774 732 1864 qrrnsi
751 1773 987 1865 adstringere.
1005 1774 1093 1848 lnde
1109 1777 1259 1866 exposi-

246 1900 355 1971 tionis
395 1898 535 1984 modus,
566 1897 650 1969 inde
689 1897 734 1969 ab
777 1898 878 1969 initio
912 1899 1030 1989 operis
1075 1899 1122 1972 ad
1150 1900 1258 1971 [inem

248 2023 457 2110 adulatoriae
472 2023 548 2094 istae
565 2029 673 2109 artes,
695 2022 826 2111 quibus
844 2023 953 2094 videri
971 2030 1090 2114 potest
1105 2023 1256 2114 Seneca,

247 2156 285 2220 ut
300 2148 553 2239 philosophus,
576 2147 657 2237 plus
676 2147 773 2235 iusto
790 2146 902 2218 abuti.

294 2273 344 2344 Ea
367 2279 452 2344 sunt
479 2273 586 2361 igitur
618 2267 827 2365 (doctrinam
859 2271 903 2343 de
932 2272 1123 2344 elementia
1148 2274 1261 2366 impe-

245 2399 358 2488 riique
402 2397 540 2467 ratione
581 2403 616 2468 et
667 2403 831 2487 tempora
876 2398 1254 2488 opportunitatemque

246 2523 374 2594 librum
397 2521 574 2593 sorilrendi
597 2521 692 2608 dieo)
720 2540 801 2611 quae
817 2522 994 2612 explioare
1015 2523 1102 2593 milri
1121 2542 1255 2615 propo-

247 2649 316 2736 sui,
352 2666 423 2718 non
453 2646 596 2717 omissis
630 2651 752 2717 tamen
786 2664 867 2735 quae
890 2646 1025 2718 adrem
1047 2648 1256 2719 litterariam

247 2778 412 2864 speotant
428 2778 463 2842 et
477 2770 524 2842 ad
536 2788 679 2842 omnem
694 2769 738 2841 de
754 2770 915 2842 oratione
932 2778 994 2843 aut
1009 2771 1052 2844 de
1069 2773 1258 2845 sententiis

247 2898 500 2989 quaestionem.

294 3023 471 3093 orantem
488 3018 593 3090 viaet
611 3018 735 3090 ordine
757 3018 1039 3109 progrediamur,
1071 3019 1162 3090 ratio
1191 3039 1258 3090 nos

242 3146 345 3237 iubet
365 3145 546 3229 absolate,
572 3149 610 3214 ut
629 3144 680 3214 ita
702 3142 834 3224 dicam,
865 3143 983 3234 operis
1003 3142 1174 3233 incipere.
1201 3142 1258 3216 Sie

246 3271 341 3343 enim
362 3289 433 3341 non
464 3269 579 3340 solum
596 3268 728 3339 multas
754 3267 953 3339 sententias
974 3268 1101 3338 melius
1130 3269 1259 3338 intelli-

245 3415 386 3486 gemus,
409 3393 599 3466 sedetiam
621 3411 721 3482 spem
743 3410 785 3462 ao
815 3391 921 3462 linem
946 3391 1127 3481 scriptoris
1159 3392 1258 3481 eius-

247 3520 402 3610 demque
448 3517 641 3606 molignom
689 3522 833 3600 sortem,
882 3517 957 3606 qni,
987 3522 1174 3606 prospecto
1217 3516 1252 3586 in

249 3644 398 3716 somniis
417 3643 464 3716 ll.
485 3641 642 3728 Aurelio,
661 3659 699 3711 se
714 3640 862 3731 impegit
877 3641 913 3711 in
927 3640 1120 3712 Neronem.

295 3766 349 3839 Ad
369 3787 441 3839 rem
459 3766 601 3848 festino,
624 3765 751 3856 paucis
771 3764 815 3835 de
844 3765 954 3838 totius
972 3765 1091 3855 operis
1119 3763 1258 3836 ratione

250 3900 358 3965 antea
378 3892 496 3962 dictis,
