<?xml version="1.0" encoding="UTF-8"?>
<!DOCTYPE html PUBLIC "-//W3C//DTD XHTML 1.0 Transitional//EN"
    "http://www.w3.org/TR/xhtml1/DTD/xhtml1-transitional.dtd">
<html xmlns="http://www.w3.org/1999/xhtml" xml:lang="en" lang="en">
 <head>
  <title>
</title>
<meta http-equiv="Content-Type" content="text/html;charset=utf-8" />
  <meta name='ocr-system' content='tesseract 3.04.00' />
  <meta name='ocr-capabilities' content='ocr_page ocr_carea ocr_par ocr_line ocrx_word'/>
</head>
<body>
  <div class='ocr_page' id='page_1' title='image "./quiddeclementia00dorigoog_0062.png"; bbox 0 0 3080 4948; ppageno 0'>
   <div class='ocr_carea' id='block_1_1' title="bbox 229 1032 1246 4003">
    <p class='ocr_par' dir='ltr' id='par_1_1' title="bbox 229 1032 1244 3503">
     <span class='ocr_line' id='line_1_1' title="bbox 280 1032 1240 1125; baseline 0.002 -21"><span class='ocrx_word' id='word_1_1' title='bbox 280 1033 344 1104; x_wconf 90' lang='lat' dir='ltr'>itia</span> <span class='ocrx_word' id='word_1_2' title='bbox 356 1033 451 1105; x_wconf 90' lang='lat' dir='ltr'>enim</span> <span class='ocrx_word' id='word_1_3' title='bbox 467 1038 587 1120; x_wconf 86' lang='lat' dir='ltr'>aetate,</span> <span class='ocrx_word' id='word_1_4' title='bbox 605 1040 681 1106; x_wconf 92' lang='lat' dir='ltr'>erat</span> <span class='ocrx_word' id='word_1_5' title='bbox 695 1052 757 1106; x_wconf 90' lang='lat' dir='ltr'>cur</span> <span class='ocrx_word' id='word_1_6' title='bbox 775 1032 912 1106; x_wconf 82' lang='lat' dir='ltr'>Seneca</span> <span class='ocrx_word' id='word_1_7' title='bbox 929 1040 1038 1106; x_wconf 83' lang='lat' dir='ltr'>iantae</span> <span class='ocrx_word' id='word_1_8' title='bbox 1071 1037 1240 1125; x_wconf 72' lang='lat' dir='ltr'>potestati</span> 
     </span>
     <span class='ocr_line' id='line_1_2' title="bbox 230 1157 1239 1248; baseline 0.001 -19"><span class='ocrx_word' id='word_1_9' title='bbox 230 1157 323 1230; x_wconf 88' lang='lat' dir='ltr'>fines</span> <span class='ocrx_word' id='word_1_10' title='bbox 360 1163 395 1229; x_wconf 89' lang='lat' dir='ltr'>et</span> <span class='ocrx_word' id='word_1_11' title='bbox 428 1158 532 1248; x_wconf 87' lang='lat' dir='ltr'>quasi</span> <span class='ocrx_word' id='word_1_12' title='bbox 568 1158 706 1230; x_wconf 87' lang='lat' dir='ltr'>vincula</span> <span class='ocrx_word' id='word_1_13' title='bbox 752 1159 969 1248; x_wconf 84' lang='lat' dir='ltr'>requireret:</span> <span class='ocrx_word' id='word_1_14' title='bbox 1009 1178 1127 1248; x_wconf 82' lang='lat' dir='ltr'>neque</span> <span class='ocrx_word' id='word_1_15' title='bbox 1162 1160 1239 1230; x_wconf 91' lang='lat' dir='ltr'>sine</span> 
     </span>
     <span class='ocr_line' id='line_1_3' title="bbox 231 1256 1238 1372; baseline 0.006 -18"><span class='ocrx_word' id='word_1_16' title='bbox 231 1281 447 1372; x_wconf 82' lang='lat' dir='ltr'>ambagibus</span> <span class='ocrx_word' id='word_1_17' title='bbox 460 1281 503 1352; x_wconf 89' lang='lat' dir='ltr'>de</span> <span class='ocrx_word' id='word_1_18' title='bbox 519 1281 668 1372; x_wconf 91' lang='lat' dir='ltr'>imperio</span> <span class='ocrx_word' id='word_1_19' title='bbox 685 1283 809 1353; x_wconf 86' lang='lat' dir='ltr'>statuit</span> <span class='ocrx_word' id='word_1_20' title='bbox 824 1281 906 1352; x_wconf 87' lang='lat' dir='ltr'>oiim</span> <span class='ocrx_word' id='word_1_21' title='bbox 925 1256 1026 1353; x_wconf 86' lang='lat' dir='ltr'>divus</span> <span class='ocrx_word' id='word_1_22' title='bbox 1041 1281 1238 1372; x_wconf 81' lang='lat' dir='ltr'>Augustus.</span> 
     </span>
     <span class='ocr_line' id='line_1_4' title="bbox 231 1405 1238 1498; baseline 0.001 -21"><span class='ocrx_word' id='word_1_23' title='bbox 231 1405 324 1493; x_wconf 86' lang='lat' dir='ltr'>Quin</span> <span class='ocrx_word' id='word_1_24' title='bbox 345 1405 453 1478; x_wconf 90' lang='lat' dir='ltr'>etiam</span> <span class='ocrx_word' id='word_1_25' title='bbox 477 1405 569 1478; x_wconf 88' lang='lat' dir='ltr'>Nero</span> <span class='ocrx_word' id='word_1_26' title='bbox 595 1413 687 1478; x_wconf 89' lang='lat' dir='ltr'>recte</span> <span class='ocrx_word' id='word_1_27' title='bbox 708 1406 796 1477; x_wconf 85' lang='lat' dir='ltr'>dixit</span> <span class='ocrx_word' id='word_1_28' title='bbox 818 1425 890 1478; x_wconf 92' lang='lat' dir='ltr'>non</span> <span class='ocrx_word' id='word_1_29' title='bbox 910 1407 998 1478; x_wconf 89' lang='lat' dir='ltr'>satis</span> <span class='ocrx_word' id='word_1_30' title='bbox 1018 1414 1238 1498; x_wconf 79' lang='lat' dir='ltr'>compertam</span> 
     </span>
     <span class='ocr_line' id='line_1_5' title="bbox 229 1531 1240 1624; baseline 0.001 -20"><span class='ocrx_word' id='word_1_31' title='bbox 229 1532 342 1606; x_wconf 88' lang='lat' dir='ltr'>inisse</span> <span class='ocrx_word' id='word_1_32' title='bbox 387 1531 632 1624; x_wconf 87' lang='lat' dir='ltr'>superioribus</span> <span class='ocrx_word' id='word_1_33' title='bbox 674 1531 895 1622; x_wconf 82' lang='lat' dir='ltr'>principibus</span> <span class='ocrx_word' id='word_1_34' title='bbox 916 1532 1137 1604; x_wconf 81' lang='lat' dir='ltr'>auctoritatis</span> <span class='ocrx_word' id='word_1_35' title='bbox 1164 1551 1240 1605; x_wconf 90' lang='lat' dir='ltr'>suae</span> 
     </span>
     <span class='ocr_line' id='line_1_6' title="bbox 230 1654 1239 1750; baseline -0.002 -20"><span class='ocrx_word' id='word_1_36' title='bbox 230 1657 518 1750; x_wconf 82' lang='lat' dir='ltr'>amptitudinem.</span> <span class='ocrx_word' id='word_1_37' title='bbox 537 1654 625 1740; x_wconf 78' lang='lat' dir='ltr'>Quae</span> <span class='ocrx_word' id='word_1_38' title='bbox 641 1655 785 1746; x_wconf 85' lang='lat' dir='ltr'>quidem</span> <span class='ocrx_word' id='word_1_39' title='bbox 807 1655 931 1728; x_wconf 86' lang='lat' dir='ltr'>Caium</span> <span class='ocrx_word' id='word_1_40' title='bbox 961 1657 1069 1728; x_wconf 88' lang='lat' dir='ltr'>ctiam</span> <span class='ocrx_word' id='word_1_41' title='bbox 1101 1656 1239 1748; x_wconf 80' lang='lat' dir='ltr'>ieicltit,</span> 
     </span>
     <span class='ocr_line' id='line_1_7' title="bbox 231 1781 1237 1876; baseline -0.001 -21"><span class='ocrx_word' id='word_1_42' title='bbox 231 1783 403 1876; x_wconf 87' lang='lat' dir='ltr'>quoniam</span> <span class='ocrx_word' id='word_1_43' title='bbox 422 1782 566 1854; x_wconf 90' lang='lat' dir='ltr'>comitia</span> <span class='ocrx_word' id='word_1_44' title='bbox 586 1781 680 1872; x_wconf 88' lang='lat' dir='ltr'>piehi</span> <span class='ocrx_word' id='word_1_45' title='bbox 696 1781 845 1854; x_wconf 86' lang='lat' dir='ltr'>reddere</span> <span class='ocrx_word' id='word_1_46' title='bbox 870 1781 991 1854; x_wconf 89' lang='lat' dir='ltr'>animo</span> <span class='ocrx_word' id='word_1_47' title='bbox 1011 1789 1237 1875; x_wconf 86' lang='lat' dir='ltr'>conceperat.</span> 
     </span>
     <span class='ocr_line' id='line_1_8' title="bbox 229 1905 1242 1997; baseline -0.006 -13"><span class='ocrx_word' id='word_1_48' title='bbox 229 1907 284 1984; x_wconf 78' lang='lat' dir='ltr'>Ari</span> <span class='ocrx_word' id='word_1_49' title='bbox 303 1909 372 1982; x_wconf 92' lang='lat' dir='ltr'>hoc</span> <span class='ocrx_word' id='word_1_50' title='bbox 389 1907 492 1979; x_wconf 88' lang='lat' dir='ltr'>divus</span> <span class='ocrx_word' id='word_1_51' title='bbox 507 1907 585 1997; x_wconf 88' lang='lat' dir='ltr'>ipse</span> <span class='ocrx_word' id='word_1_52' title='bbox 600 1905 783 1996; x_wconf 80' lang='lat' dir='ltr'>Augustus</span> <span class='ocrx_word' id='word_1_53' title='bbox 807 1907 928 1980; x_wconf 87' lang='lat' dir='ltr'>libcrae</span> <span class='ocrx_word' id='word_1_54' title='bbox 949 1907 1101 1979; x_wconf 80' lang='lat' dir='ltr'>civitatis</span> <span class='ocrx_word' id='word_1_55' title='bbox 1136 1908 1242 1980; x_wconf 88' lang='lat' dir='ltr'>resti-</span> 
     </span>
     <span class='ocr_line' id='line_1_9' title="bbox 230 2029 1242 2122; baseline -0.003 -16"><span class='ocrx_word' id='word_1_56' title='bbox 230 2039 382 2106; x_wconf 89' lang='lat' dir='ltr'>tutorem</span> <span class='ocrx_word' id='word_1_57' title='bbox 399 2051 481 2104; x_wconf 87' lang='lat' dir='ltr'>esse</span> <span class='ocrx_word' id='word_1_58' title='bbox 500 2050 538 2104; x_wconf 96' lang='lat' dir='ltr'>se</span> <span class='ocrx_word' id='word_1_59' title='bbox 554 2031 810 2122; x_wconf 84' lang='lat' dir='ltr'>profitebatur:</span> <span class='ocrx_word' id='word_1_60' title='bbox 843 2031 960 2103; x_wconf 89' lang='lat' dir='ltr'>verbis</span> <span class='ocrx_word' id='word_1_61' title='bbox 981 2029 1125 2120; x_wconf 85' lang='lat' dir='ltr'>quidem</span> <span class='ocrx_word' id='word_1_62' title='bbox 1157 2051 1242 2122; x_wconf 93' lang='lat' dir='ltr'>spe-</span> 
     </span>
     <span class='ocr_line' id='line_1_10' title="bbox 231 2162 1243 2253; baseline -0.002 -17"><span class='ocrx_word' id='word_1_63' title='bbox 231 2164 382 2252; x_wconf 88' lang='lat' dir='ltr'>ciosum,</span> <span class='ocrx_word' id='word_1_64' title='bbox 414 2181 451 2236; x_wconf 87' lang='lat' dir='ltr'>re</span> <span class='ocrx_word' id='word_1_65' title='bbox 478 2163 794 2250; x_wconf 89' lang='lat' dir='ltr'>commenticium;</span> <span class='ocrx_word' id='word_1_66' title='bbox 825 2169 932 2253; x_wconf 83' lang='lat' dir='ltr'>atquc</span> <span class='ocrx_word' id='word_1_67' title='bbox 961 2162 1044 2234; x_wconf 89' lang='lat' dir='ltr'>inde</span> <span class='ocrx_word' id='word_1_68' title='bbox 1073 2163 1243 2235; x_wconf 87' lang='lat' dir='ltr'>distracta</span> 
     </span>
     <span class='ocr_line' id='line_1_11' title="bbox 230 2286 1241 2378; baseline 0 -18"><span class='ocrx_word' id='word_1_69' title='bbox 230 2289 460 2378; x_wconf 82' lang='lat' dir='ltr'>lacerataque</span> <span class='ocrx_word' id='word_1_70' title='bbox 477 2293 532 2360; x_wconf 90' lang='lat' dir='ltr'>est</span> <span class='ocrx_word' id='word_1_71' title='bbox 544 2287 758 2377; x_wconf 87' lang='lat' dir='ltr'>respublica.</span> <span class='ocrx_word' id='word_1_72' title='bbox 771 2286 897 2359; x_wconf 90' lang='lat' dir='ltr'>Patres</span> <span class='ocrx_word' id='word_1_73' title='bbox 909 2288 1002 2359; x_wconf 89' lang='lat' dir='ltr'>enim</span> <span class='ocrx_word' id='word_1_74' title='bbox 1021 2289 1241 2378; x_wconf 90' lang='lat' dir='ltr'>conscriptos</span> 
     </span>
     <span class='ocr_line' id='line_1_12' title="bbox 230 2411 1242 2506; baseline -0.002 -22"><span class='ocrx_word' id='word_1_75' title='bbox 230 2413 421 2506; x_wconf 70' lang='lat' dir='ltr'>praeteritae</span> <span class='ocrx_word' id='word_1_76' title='bbox 439 2412 589 2484; x_wconf 90' lang='lat' dir='ltr'>civitatis</span> <span class='ocrx_word' id='word_1_77' title='bbox 610 2412 734 2484; x_wconf 90' lang='lat' dir='ltr'>iormae</span> <span class='ocrx_word' id='word_1_78' title='bbox 758 2411 920 2483; x_wconf 86' lang='lat' dir='ltr'>infirmos</span> <span class='ocrx_word' id='word_1_79' title='bbox 946 2413 1051 2503; x_wconf 87' lang='lat' dir='ltr'>quasi</span> <span class='ocrx_word' id='word_1_80' title='bbox 1071 2431 1242 2504; x_wconf 90' lang='lat' dir='ltr'>procura-</span> 
     </span>
     <span class='ocr_line' id='line_1_13' title="bbox 230 2536 1243 2627; baseline -0.001 -18"><span class='ocrx_word' id='word_1_81' title='bbox 230 2544 340 2624; x_wconf 68' lang='lat' dir='ltr'>tores</span> <span class='ocrx_word' id='word_1_82' title='bbox 387 2537 597 2608; x_wconf 87' lang='lat' dir='ltr'>auctoritate</span> <span class='ocrx_word' id='word_1_83' title='bbox 640 2536 752 2623; x_wconf 82' lang='lat' dir='ltr'>nulia,</span> <span class='ocrx_word' id='word_1_84' title='bbox 797 2536 1075 2627; x_wconf 85' lang='lat' dir='ltr'>suspicabantur</span> <span class='ocrx_word' id='word_1_85' title='bbox 1121 2544 1243 2608; x_wconf 88' lang='lat' dir='ltr'>tamen</span> 
     </span>
     <span class='ocr_line' id='line_1_14' title="bbox 231 2661 1241 2755; baseline -0.002 -20"><span class='ocrx_word' id='word_1_86' title='bbox 231 2662 425 2755; x_wconf 67' lang='lat' dir='ltr'>principes</span> <span class='ocrx_word' id='word_1_87' title='bbox 460 2662 546 2753; x_wconf 87' lang='lat' dir='ltr'>quia</span> <span class='ocrx_word' id='word_1_88' title='bbox 579 2661 623 2734; x_wconf 86' lang='lat' dir='ltr'>de</span> <span class='ocrx_word' id='word_1_89' title='bbox 657 2662 806 2751; x_wconf 81' lang='lat' dir='ltr'>collegio</span> <span class='ocrx_word' id='word_1_90' title='bbox 835 2669 935 2734; x_wconf 88' lang='lat' dir='ltr'>tanto</span> <span class='ocrx_word' id='word_1_91' title='bbox 968 2682 1035 2734; x_wconf 84' lang='lat' dir='ltr'>vox</span> <span class='ocrx_word' id='word_1_92' title='bbox 1064 2662 1241 2734; x_wconf 87' lang='lat' dir='ltr'>interdum</span> 
     </span>
     <span class='ocr_line' id='line_1_15' title="bbox 232 2787 1242 2880; baseline -0.001 -20"><span class='ocrx_word' id='word_1_93' title='bbox 232 2806 419 2878; x_wconf 88' lang='lat' dir='ltr'>erumpere</span> <span class='ocrx_word' id='word_1_94' title='bbox 435 2787 562 2880; x_wconf 85' lang='lat' dir='ltr'>potuit,</span> <span class='ocrx_word' id='word_1_95' title='bbox 584 2792 646 2858; x_wconf 90' lang='lat' dir='ltr'>aut</span> <span class='ocrx_word' id='word_1_96' title='bbox 667 2787 897 2859; x_wconf 86' lang='lat' dir='ltr'>metuendum</span> <span class='ocrx_word' id='word_1_97' title='bbox 916 2795 1040 2860; x_wconf 89' lang='lat' dir='ltr'>contra</span> <span class='ocrx_word' id='word_1_98' title='bbox 1075 2788 1242 2860; x_wconf 86' lang='lat' dir='ltr'>Thraseae</span> 
     </span>
     <span class='ocr_line' id='line_1_16' title="bbox 233 2911 1243 3003; baseline -0.002 -18"><span class='ocrx_word' id='word_1_99' title='bbox 233 2914 429 2986; x_wconf 88' lang='lat' dir='ltr'>sitentium.</span> <span class='ocrx_word' id='word_1_100' title='bbox 450 2911 540 2984; x_wconf 91' lang='lat' dir='ltr'>Hinc</span> <span class='ocrx_word' id='word_1_101' title='bbox 557 2913 742 3003; x_wconf 86' lang='lat' dir='ltr'>complura</span> <span class='ocrx_word' id='word_1_102' title='bbox 773 2911 955 2986; x_wconf 84' lang='lat' dir='ltr'>Caesarum</span> <span class='ocrx_word' id='word_1_103' title='bbox 974 2913 1133 2985; x_wconf 79' lang='lat' dir='ltr'>facinora</span> <span class='ocrx_word' id='word_1_104' title='bbox 1166 2919 1243 2984; x_wconf 91' lang='lat' dir='ltr'>orta</span> 
     </span>
     <span class='ocr_line' id='line_1_17' title="bbox 232 3037 1241 3128; baseline -0.002 -18"><span class='ocrx_word' id='word_1_105' title='bbox 232 3055 314 3111; x_wconf 90' lang='lat' dir='ltr'>esse</span> <span class='ocrx_word' id='word_1_106' title='bbox 329 3043 492 3128; x_wconf 87' lang='lat' dir='ltr'>apparet,</span> <span class='ocrx_word' id='word_1_107' title='bbox 514 3037 685 3126; x_wconf 88' lang='lat' dir='ltr'>quoniam</span> <span class='ocrx_word' id='word_1_108' title='bbox 698 3039 880 3128; x_wconf 81' lang='lat' dir='ltr'>egregium</span> <span class='ocrx_word' id='word_1_109' title='bbox 898 3037 981 3108; x_wconf 91' lang='lat' dir='ltr'>oiim</span> <span class='ocrx_word' id='word_1_110' title='bbox 996 3037 1084 3108; x_wconf 80' lang='lat' dir='ltr'>illuri</span> <span class='ocrx_word' id='word_1_111' title='bbox 1098 3056 1241 3128; x_wconf 88' lang='lat' dir='ltr'>corpus,</span> 
     </span>
     <span class='ocr_line' id='line_1_18' title="bbox 232 3161 1243 3254; baseline -0.001 -20"><span class='ocrx_word' id='word_1_112' title='bbox 232 3182 254 3234; x_wconf 91' lang='lat' dir='ltr'>a</span> <span class='ocrx_word' id='word_1_113' title='bbox 270 3181 341 3254; x_wconf 86' lang='lat' dir='ltr'>quo</span> <span class='ocrx_word' id='word_1_114' title='bbox 358 3161 530 3233; x_wconf 83' lang='lat' dir='ltr'>mandata</span> <span class='ocrx_word' id='word_1_115' title='bbox 551 3161 641 3234; x_wconf 90' lang='lat' dir='ltr'>ioret</span> <span class='ocrx_word' id='word_1_116' title='bbox 655 3162 886 3252; x_wconf 90' lang='lat' dir='ltr'>imperatoria</span> <span class='ocrx_word' id='word_1_117' title='bbox 908 3163 1014 3235; x_wconf 87' lang='lat' dir='ltr'>etiam</span> <span class='ocrx_word' id='word_1_118' title='bbox 1033 3164 1243 3249; x_wconf 85' lang='lat' dir='ltr'>auctoritas,</span> 
     </span>
     <span class='ocr_line' id='line_1_19' title="bbox 231 3286 1244 3377; baseline -0.001 -18"><span class='ocrx_word' id='word_1_119' title='bbox 231 3286 446 3359; x_wconf 88' lang='lat' dir='ltr'>verebantur</span> <span class='ocrx_word' id='word_1_120' title='bbox 461 3304 506 3357; x_wconf 93' lang='lat' dir='ltr'>ne</span> <span class='ocrx_word' id='word_1_121' title='bbox 526 3293 634 3377; x_wconf 88' lang='lat' dir='ltr'>caput</span> <span class='ocrx_word' id='word_1_122' title='bbox 657 3287 841 3359; x_wconf 78' lang='lat' dir='ltr'>extolleret</span> <span class='ocrx_word' id='word_1_123' title='bbox 875 3294 909 3358; x_wconf 91' lang='lat' dir='ltr'>et</span> <span class='ocrx_word' id='word_1_124' title='bbox 926 3287 1075 3358; x_wconf 80' lang='lat' dir='ltr'>liberum</span> <span class='ocrx_word' id='word_1_125' title='bbox 1097 3305 1177 3359; x_wconf 88' lang='lat' dir='ltr'>esse</span> <span class='ocrx_word' id='word_1_126' title='bbox 1205 3305 1244 3358; x_wconf 91' lang='lat' dir='ltr'>se</span> 
     </span>
     <span class='ocr_line' id='line_1_20' title="bbox 232 3412 764 3503; baseline -0.006 -18"><span class='ocrx_word' id='word_1_127' title='bbox 232 3413 454 3486; x_wconf 77' lang='lat' dir='ltr'>existimaret</span> <span class='ocrx_word' id='word_1_128' title='bbox 469 3431 510 3484; x_wconf 90' lang='lat' dir='ltr'>ac</span> <span class='ocrx_word' id='word_1_129' title='bbox 527 3412 764 3503; x_wconf 89' lang='lat' dir='ltr'>proiiteretur.</span> 
     </span>
    </p>

    <p class='ocr_par' dir='ltr' id='par_1_2' title="bbox 233 3535 1246 4003">
     <span class='ocr_line' id='line_1_21' title="bbox 281 3535 1245 3609; baseline -0.003 0"><span class='ocrx_word' id='word_1_130' title='bbox 281 3537 389 3609; x_wconf 84' lang='lat' dir='ltr'>Fictae</span> <span class='ocrx_word' id='word_1_131' title='bbox 408 3543 527 3608; x_wconf 90' lang='lat' dir='ltr'>autem</span> <span class='ocrx_word' id='word_1_132' title='bbox 566 3538 788 3609; x_wconf 88' lang='lat' dir='ltr'>auctoritatis</span> <span class='ocrx_word' id='word_1_133' title='bbox 818 3538 997 3609; x_wconf 90' lang='lat' dir='ltr'>consortio</span> <span class='ocrx_word' id='word_1_134' title='bbox 1029 3537 1078 3608; x_wconf 90' lang='lat' dir='ltr'>itii</span> <span class='ocrx_word' id='word_1_135' title='bbox 1109 3535 1245 3608; x_wconf 88' lang='lat' dir='ltr'>Seneca</span> 
     </span>
     <span class='ocr_line' id='line_1_22' title="bbox 233 3662 1246 3754; baseline -0.003 -20"><span class='ocrx_word' id='word_1_136' title='bbox 233 3663 342 3734; x_wconf 91' lang='lat' dir='ltr'>unius</span> <span class='ocrx_word' id='word_1_137' title='bbox 361 3668 575 3754; x_wconf 92' lang='lat' dir='ltr'>potestatem</span> <span class='ocrx_word' id='word_1_138' title='bbox 612 3664 811 3753; x_wconf 86' lang='lat' dir='ltr'>anteponit,</span> <span class='ocrx_word' id='word_1_139' title='bbox 849 3662 1145 3751; x_wconf 77' lang='lat' dir='ltr'>latissimamque</span> <span class='ocrx_word' id='word_1_140' title='bbox 1179 3662 1246 3732; x_wconf 90' lang='lat' dir='ltr'>ior-</span> 
     </span>
     <span class='ocr_line' id='line_1_23' title="bbox 234 3785 1245 3877; baseline -0.005 -18"><span class='ocrx_word' id='word_1_141' title='bbox 234 3805 330 3859; x_wconf 90' lang='lat' dir='ltr'>mam</span> <span class='ocrx_word' id='word_1_142' title='bbox 365 3786 572 3877; x_wconf 86' lang='lat' dir='ltr'>reipublicae</span> <span class='ocrx_word' id='word_1_143' title='bbox 587 3793 711 3858; x_wconf 88' lang='lat' dir='ltr'>censet</span> <span class='ocrx_word' id='word_1_144' title='bbox 743 3787 799 3857; x_wconf 89' lang='lat' dir='ltr'>cui</span> <span class='ocrx_word' id='word_1_145' title='bbox 832 3786 879 3856; x_wconf 84' lang='lat' dir='ltr'>an</span> <span class='ocrx_word' id='word_1_146' title='bbox 917 3805 1096 3856; x_wconf 89' lang='lat' dir='ltr'>summam</span> <span class='ocrx_word' id='word_1_147' title='bbox 1137 3785 1245 3856; x_wconf 82' lang='lat' dir='ltr'>iiber-</span> 
     </span>
     <span class='ocr_line' id='line_1_24' title="bbox 233 3905 1232 4003; baseline -0.003 -20"><span class='ocrx_word' id='word_1_148' title='bbox 233 3918 362 3990; x_wconf 60' lang='lat' dir='ltr'>tatem4</span> <span class='ocrx_word' id='word_1_149' title='bbox 377 3918 415 3982; x_wconf 93' lang='lat' dir='ltr'>ut</span> <span class='ocrx_word' id='word_1_150' title='bbox 431 3912 493 3999; x_wconf 87' lang='lat' dir='ltr'>ait,</span> <span class='ocrx_word' id='word_1_151' title='bbox 510 3911 599 3982; x_wconf 87' lang='lat' dir='ltr'>nihil</span> <span class='ocrx_word' id='word_1_152' title='bbox 611 3911 725 3998; x_wconf 84' lang='lat' dir='ltr'>deest,</span> <span class='ocrx_word' id='word_1_153' title='bbox 744 3912 812 3982; x_wconf 91' lang='lat' dir='ltr'>nisi</span> <span class='ocrx_word' id='word_1_154' title='bbox 830 3910 1000 4002; x_wconf 84' lang='lat' dir='ltr'>pereundi</span> <span class='ocrx_word' id='word_1_155' title='bbox 1014 3910 1156 3982; x_wconf 86' lang='lat' dir='ltr'>licentia</span> <span class='ocrx_word' id='word_1_156' title='bbox 1173 3905 1232 4003; x_wconf 69' lang='lat' dir='ltr'>(ii.</span> 
     </span>
    </p>
   </div>
   <div class='ocr_carea' id='block_1_2' title="bbox 268 4190 587 4256">
    <p class='ocr_par' dir='ltr' id='par_1_3' title="bbox 268 4190 587 4256">
     <span class='ocr_line' id='line_1_25' title="bbox 268 4190 587 4256; baseline -0.006 -15"><span class='ocrx_word' id='word_1_157' title='bbox 268 4193 303 4254; x_wconf 83' lang='lat' dir='ltr'>(i)</span> <span class='ocrx_word' id='word_1_158' title='bbox 321 4190 462 4252; x_wconf 70' lang='lat' dir='ltr'>Deciana,</span> <span class='ocrx_word' id='word_1_159' title='bbox 480 4191 499 4256; x_wconf 82' lang='lat'>1,</span> <span class='ocrx_word' id='word_1_160' title='bbox 515 4193 540 4246; x_wconf 64' lang='lat' dir='ltr'>t,</span> <span class='ocrx_word' id='word_1_161' title='bbox 560 4191 587 4247; x_wconf 77' lang='lat'>8.</span> 
     </span>
    </p>
   </div>
   <div class='ocr_carea' id='block_1_3' title="bbox 0 0 1550 4948">
    <p class='ocr_par' dir='ltr' id='par_1_4' title="bbox 0 0 1550 4948">
     <span class='ocr_line' id='line_1_26' title="bbox 0 0 1550 4948; baseline 0 0"><span class='ocrx_word' id='word_1_162' title='bbox 0 0 1550 4948; x_wconf 95' lang='lat' dir='ltr'> </span> 
     </span>
    </p>
   </div>
  </div>
 </body>
</html>
