3062 4942
643 632 692 643 -
719 593 760 662 81
791 633 839 643 -

233 744 338 834 quasi
359 743 555 814 vallatum:
586 744 643 814 liic
659 751 777 815 aulem
812 762 911 814 arma
927 745 1037 817 habet
1068 774 1084 810 «
1112 749 1243 836 quibus

231 871 267 940 in
300 870 559 942 munimentum
590 870 690 961 pacis
715 870 826 940 utitur
850 899 886 958 »‚
913 871 973 942 ille
1006 899 1022 935 «
1049 879 1088 944 ut
1108 893 1239 963 magno

230 995 356 1066 timore
373 1014 506 1085 magna
526 994 609 1066 odia
638 1001 843 1084 compescat
870 1023 905 1066 l.
935 994 1044 1067 Porro
1077 998 1172 1070 unde
1192 1001 1237 1070 ti-

230 1137 320 1207 mor,
349 1120 418 1190 nisi
435 1118 532 1208 quod
552 1118 597 1190 ad
614 1118 799 1190 occidendi
830 1119 1011 1191 licentiam
1027 1140 1100 1193 uon
1120 1141 1239 1195 accas-

230 1244 275 1314 sit
292 1244 483 1316 clementia
515 1243 611 1334 apud
639 1243 836 1333 tyrannos?
861 1245 1038 1335 Denique,
1067 1252 1105 1317 ut
1122 1247 1238 1318 breri-

228 1375 282 1440 ter
312 1370 392 1460 ipsa
425 1368 462 1439 L.
491 1368 617 1440 Aunaei
648 1368 754 1439 rerba
797 1388 982 1460 usurpem,
1028 1373 1170 1462 tyranni
1208 1373 1244 1443 in

228 1494 443 1585 voluptatem
464 1489 513 1586 (l)
542 1493 708 1579 saeviunt,
739 1512 840 1582 reges
871 1495 1032 1565 nonnisi
1055 1513 1098 1567 er
1127 1515 1239 1568 causa

229 1637 271 1690 ac
290 1619 519 1690 necessitate.

276 2271 381 2360 Atqui
414 2289 519 2341 nemo
540 2269 759 2340 obliviscitur
774 2269 905 2340 eximia
920 2271 1026 2340 etiam
1059 2270 1103 2341 de
1123 2278 1245 2361 tyran-

229 2413 432 2483 noacrege
465 2395 725 2484 conscripsisse
760 2392 968 2481 Platonem3
999 2394 1144 2465 minime
1179 2414 1241 2465 au-

230 2525 301 2590 tem
319 2519 443 2590 tallere
466 2516 640 2590 Senecam
663 2519 852 2588 notissima
868 2518 929 2588 illa
944 2525 1149 2608 potueruut.
1170 2517 1237 2602 Qui

229 2649 366 2730 contra,
396 2662 469 2714 non
503 2642 618 2714 solum
645 2644 680 2712 iu
702 2642 800 2713 libris
821 2642 863 2713 de
891 2643 1070 2713 clementie
1084 2642 1238 2733 prodere

229 2767 366 2840 ridetur
386 2768 543 2857 aliquam
565 2781 701 2842 nauata<
718 2766 942 2853 memoriam,
972 2766 1036 2837 sed
1065 2767 1172 2838 etiam
1202 2768 1238 2838 in

228 2891 370 2981 dialogo
384 2892 445 2962 illo
461 2891 503 2962 de
521 2891 575 2962 ire
594 2889 781 2962 Platonem
806 2877 1104 2981 llris'totelemque
1125 2888 1171 2985 (⁹2)
1200 2900 1235 2963 el

226 3016 512 3108 Theophrastum
534 3022 595 3086 ant
615 3016 746 3086 imitari
767 3022 828 3086 aut
848 3021 970 3086 contra
1004 3033 1149 3106 carpere
1178 3033 1241 3105 ag·

227 3141 399 3232 graditur.

274 3265 586 3337 Verumeuimvero
628 3264 671 3335 de
693 3283 773 3351 suo,
806 3264 1004 3355 autpotius
1038 3283 1079 3335 or
1109 3282 1241 3335 memo-

226 3392 277 3461 ria
296 3408 414 3462 rerum
432 3389 575 3479 protulit
596 3388 742 3478 ingenia
775 3387 836 3458 illa
858 3394 1089 3478 tyrannorum
1123 3413 1140 3450 «
1167 3387 1236 3456 im-

226 3515 348 3586 mania
364 3518 399 3586 el
417 3513 532 3585 inrisa
542 3509 588 3608 (3)
614 3540 644 3591 l),
664 3519 699 3584 et
714 3512 930 3583 viridissime
944 3511 1133 3602 descripsit
1152 3512 1239 3582 ima·

226 3641 359 3730 ginem.
389 3639 525 3730 Nempe
545 3637 806 3725 crudelitatem,
825 3643 863 3708 ut
897 3636 1097 3708 clementiae
1128 3654 1237 3727 oppo-

256 3949 295 4012 (l)
312 3948 388 4000 Gertz
405 3947 448 4011 (lle
463 3947 554 4008 olent„
573 3947 592 4010 l,
611 3947 650 3997 ll.
671 3949 701 4007 l;
718 3946 737 4007 l,
757 3946 794 3996 la.
811 3945 848 4008 3).

259 4038 294 4102 (l)
313 4037 346 4088 lla
360 4037 415 4098 ira,
431 4037 451 4100 1,
470 4038 508 4086 17.

259 4125 295 4191 (3)
314 4125 448 4188 uectem„
466 4126 498 4188 ll,
516 4125 540 4175 2.
557 4126 586 4175 3.
