3080 4948
713 599 908 676 -od-

302 777 382 830 vere
403 757 520 845 decet,
551 775 666 848 neque
694 757 797 828 aliter
830 756 887 827 dei
921 755 1077 846 speeiem
1111 757 1320 828 ostendisse

301 879 657 972 AugustumSeneca
670 887 806 967 censet,
837 881 904 951 nisi
926 880 1118 952 clementia
1155 901 1198 953 ac
1235 901 1319 952 me-

300 1006 447 1098 jestote.

785 1205 829 1264 11

351 1443 565 1534 Diligentius
597 1449 715 1514 autem
747 1443 789 1513 de
815 1443 995 1514 clerrreotie
1026 1443 1209 1533 dialogum
1236 1446 1318 1515 ins-

303 1567 448 1660 picienti
473 1572 622 1658 apparet
651 1567 852 1658 expressior
884 1567 1051 1657 qrroedam
1082 1572 1205 1640 stoicae
1224 1568 1314 1640 doc-

305 1693 408 1764 trinm
431 1691 616 1764 memoria.

352 1815 487 1908 Nempe
510 1822 626 1888 utrum
649 1818 684 1888 iu
704 1816 850 1888 Senecae
881 1817 1022 1908 scriptis
1056 1817 1194 1908 aliquid
1220 1818 1314 1888 inter

311 1940 509 2014 «Deum»
545 1948 579 2014 et
608 1967 622 2006 r
653 1941 747 2013 Deos
767 1969 783 2005 »
809 1941 998 2013 interesset
1027 1961 1099 2013 non
1127 1943 1237 2014 semel
1262 1948 1319 2014 est

306 2063 526 2156 disputatum
557 2061 617 2160 (ll.
663 2063 765 2156 Seepe
799 2065 945 2155 quidem
986 2072 1137 2155 utroque
1177 2065 1322 2137 dicendi

308 2189 427 2277 modo,
463 2189 541 2261 sine
592 2189 811 2275 discrimine,
848 2190 898 2260 uti
933 2191 1028 2261 visus
1067 2197 1141 2278 est;
1179 2209 1315 2274 verum,

307 2313 448 2385 etiamsi
469 2313 679 2405 plerumque
700 2333 756 2385 res
786 2315 835 2385 ita
864 2333 903 2386 se
936 2315 1060 2398 hahet,
1096 2314 1168 2385 alia
1195 2321 1317 2386 tamen

308 2439 532 2530 reperiuntur
575 2441 652 2510 loco
698 2439 734 2509 in
790 2438 921 2528 quibos
963 2438 1100 2510 Seneca
1135 2439 1313 2512 nonnisi

313 2589 330 2626 «
356 2562 468 2635 Deum
497 2591 533 2650 »‚
567 2563 638 2634 elia
671 2563 707 2634 in
740 2563 871 2653 quibus
913 2582 984 2634 nun
1031 2563 1099 2635 nisi
1134 2591 1150 2627 r
1175 2564 1269 2635 Deos
1297 2592 1314 2627 »

307 2688 461 2760 scribere
504 2688 623 2760 voluit.
661 2686 808 2772 Quoties
852 2689 946 2759 enim
979 2690 1197 2781 populariter
1230 2689 1318 2778 agit,

310 2812 448 2886 «Deus
475 2841 491 2878 »
535 2813 620 2884 dicit
648 2812 798 2886 Seneca.
832 2812 980 2898 Quoties
1017 2815 1124 2886 etiem
1162 2814 1318 2885 divinam

307 2944 471 3010 naturum
498 2937 635 3010 Seneca
656 2939 729 3009 nur
747 2939 964 3027 significare,
987 2945 1167 3028 qrrotenus
1187 2939 1232 3010 ab
1254 2940 1320 3010 hu-

308 3081 417 3134 mana
435 3063 638 3135 conditione
663 3062 783 3149 distet,
817 3069 902 3134 tunc
926 3082 1052 3154 parum
1074 3071 1175 3135 curat
1199 3072 1316 3141 utrum

313 3213 329 3252 e
356 3188 468 3261 Deum
496 3216 513 3253 »
550 3207 595 3260 nn
617 3215 634 3251 «
661 3187 754 3261 Deos
781 3215 797 3252 »
837 3188 982 3260 scribat.
1011 3216 1025 3251 u
1054 3188 1129 3260 Huc
1149 3195 1203 3261 est
1229 3218 1264 3275 »‚
1282 3194 1323 3259 ut

307 3313 370 3397 ait,
393 3339 410 3378 e
445 3332 516 3404 quo
543 3313 655 3386 Deum
687 3313 930 3385 antecedatis:
959 3314 1018 3386 ille
1043 3319 1142 3385 extra
1184 3315 1322 3404 potien-

306 3439 392 3510 tiam
446 3439 620 3511 malorum
666 3444 734 3528 est,
785 3456 848 3510 ros
889 3445 998 3528 supra
1035 3423 1260 3529 patientiam.¹
1298 3466 1315 3502 n

312 3590 328 3628 l
353 3562 557 3656 Sapientem
600 3562 648 3634 dii
677 3581 748 3633 nun
781 3563 889 3634 mrrlto
923 3563 1153 3635 antecedunt.
1182 3592 1199 3626 »
1243 3564 1329 3668 llil--

306 3694 378 3760 tam
425 3687 591 3780 equidem
641 3687 737 3774 alia;
781 3687 845 3758 sed
888 3688 954 3759 hoo
998 3689 1072 3778 jum
1116 3689 1322 3779 expressius

307 3813 453 3886 alteram
479 3811 576 3902 quod
596 3811 790 3902 aliquando
812 3830 883 3883 nou
907 3813 1051 3904 respicit
1067 3812 1112 3883 ad
1134 3813 1321 3885 interiores

340 4094 374 4159 (l)
389 4094 419 4145 t.
438 4093 606 4160 lory-lirum,
636 4091 705 4158 Ouid
721 4093 752 4144 de
766 4091 814 4144 lleo
830 4089 927 4144 Seneca
941 4093 1049 4143 senserat
1062 4093 1154 4160 (Pane,
1175 4093 1313 4154 lleclrettu,

309 4174 390 4238 tout).
