3080 4948
679 589 876 663 „59-

318 745 457 819 Etenim
478 762 546 817 sua
564 743 739 816 interesse
758 742 964 833 provincie,
993 743 1024 816 si
1044 751 1155 818 staret
1172 746 1285 839 impe·

270 872 376 960 rium,
399 875 650 963 pernoverant.
680 866 892 958 Ceteroquin
930 887 973 940 cx
1011 887 1094 960 quo,
1132 871 1283 944 civitatis

251 995 415 1067 ‚nominc
466 993 623 1080 sublato,
654 992 857 1084 municipiis
904 994 1154 1068 tarttummotlo
1201 996 1284 1086 iura

270 1120 442 1209 legesque
464 1136 506 1190 ac
534 1119 645 1192 vitam
676 1135 870 1207 prorogare
891 1117 988 1189 licuit
1002 1137 1066 1209 per
1099 1127 1281 1208 senatum,

269 1245 367 1316 illam
387 1243 525 1316 romani
542 1242 680 1333 imperii
699 1242 792 1314 inter
810 1260 850 1313 se
870 1242 1020 1313 divisam
1054 1245 1183 1316 molem
1210 1263 1282 1316 ne-

270 1387 371 1442 cesse
397 1374 477 1460 =erat
496 1367 703 1439 domesticis
736 1365 960 1455 conflagrare
983 1366 1102 1456 hellis,
1139 1368 1169 1440 si
1202 1369 1281 1442 rin-

269 1494 387 1566 culum
407 1492 607 1565 solveretur
621 1510 691 1581 quo
708 1509 870 1562 connexa
889 1491 1009 1563 stabat
1035 1499 1070 1564 ct
1089 1493 1282 1584 congloba-

268 1626 318 1691 ta.
347 1618 386 1690 ln
403 1618 552 1709 imperio
587 1617 722 1688 scilicet
759 1634 950 1707 superesse
983 1623 1019 1688 et
1038 1616 1211 1690 unitatem
1246 1624 1283 1690 et

259 1743 511 1829 securitatem,
544 1759 660 1831 usque
694 1739 740 1811 ad
773 1740 1000 1812 barbaricum
1021 1742 1193 1833 impetum
1231 1748 1284 1814 tot

268 1874 395 1956 nentes
415 1867 672 1957 opinabuntur,
690 1866 795 1955 quasi
824 1865 991 1938 amicitiae
1026 1885 1067 1938 ac
1100 1865 1282 1939 societatis

269 1991 587 2065 necessitudinem.
617 1990 721 2080 Atqui
759 1990 894 2061 unitate
923 2009 1047 2080 pacem
1084 1991 1200 2064 valere
1226 1991 1283 2066 ¹vel

156 2159 159 2164 -
268 2136 311 2189 ex
332 2116 444 2188 titulis
467 2115 601 2203 discas,
624 2115 794 2205 quoniam
812 2116 847 2185 in
866 2115 975 2186 titulis
1009 2121 1274 2206 «pacatorum»,

268 2260 400 2314 nomen
421 2242 655 2332 imperatores
677 2247 761 2311 sunt
781 2240 914 2332 adepti.
935 2239 1027 2325 Quin
1049 2243 1157 2314 hocce
1173 2241 1279 2314 etiam

269 2386 388 2439 nonne
415 2385 478 2457 pro
513 2373 724 2456 argumento
763 2372 831 2454 est,
861 2365 959 2456 quod
991 2365 1127 2438 tamdiu
1165 2367 1281 2456 impe-¹

266 2492 355 2563 rium
378 2491 473 2563 stetit
494 2509 534 2562 nc
557 2490 790 2581 perdurarit?

265 3322 405 3374 Marcellus
422 3322 556 3388 (Eprius):
586 3343 598 3368 α
616 3323 649 3375 Se
663 3322 820 3376 meminisse
848 3328 999 3392 temporum
1027 3325 1126 3390 quibus
1142 3327 1221 3376 natus
1236 3325 1278 3387 sit.

263 3416 343 3470 quam
359 3403 471 3456 civitatis
487 3404 598 3455 formam
614 3407 703 3470 patres
720 3404 816 3469 avique
835 3404 1013 3458 instituerint:
1032 3405 1158 3457 ulteriora
1175 3405 1273 3468 mirari,

263 3484 408 3550 praesentia
423 3484 515 3549 sequi;
533 3485 620 3537 bonos
643 3484 821 3548 imperatores
838 3489 900 3538 voto
917 3491 1052 3550 expetere.
1067 3487 1279 3551 qualescumque
1372 3543 1374 3547 ,

263 3564 391 3616 tolerare.
413 3584 425 3609 r
435 3593 464 3601 -
475 3567 547 3616 nnn.
567 3566 606 3626 Vl,
624 3567 654 3615 t:
668 3583 679 3608 r
698 3565 772 3626 Quod
786 3565 899 3618 maxime
915 3567 1046 3618 exitiabile
1059 3567 1142 3619 tulere
1156 3566 1200 3618 illa
1215 3572 1280 3619 tem-

263 3657 339 3710 pora,
356 3645 564 3710 comprimores
583 3648 694 3696 senatus
715 3645 820 3696 intimus
840 3646 920 3698 eliam
941 3646 1092 3699 delationes
1114 3651 1280 3710 exercerent,

263 3724 306 3776 alii
321 3725 469 3791 propalam,
488 3725 561 3776 multi
585 3725 610 3777 in
629 3726 775 3777 occultum.
799 3747 841 3770 ι-
859 3727 890 3778 Et
911 3727 988 3779 hicce
1015 3727 1165 3792 praesortim
1196 3728 1279 3792 locus,

261 3803 334 3856 Anu.
356 3805 397 3867 ill,
414 3806 461 3858 33:
482 3825 494 3850 ιι
509 3806 574 3856 llam
590 3809 701 3857 cunctas
712 3805 835 3858 nationes
851 3811 878 3858 ct
893 3808 974 3859 urbes
986 3809 1109 3872 populus,
1122 3813 1168 3860 aut
1183 3805 1280 3872 primo

263 3897 317 3946 res,
335 3889 381 3936 aut
409 3885 505 3950 singuli
535 3889 648 3951 regunt:
667 3885 772 3937 delecta
798 3899 830 3938 cx
854 3886 895 3937 nis
911 3891 939 3938 rt
953 3888 1108 3940 consociata
1127 3888 1281 3953 reipublicae

264 3963 350 4016 forma
364 3964 466 4016 laudari
483 3965 586 4017 facilius
601 3979 681 4030 quam
696 3965 821 4027 evenirc;
840 3966 882 4019 vel
897 3967 918 4018 si
937 3967 1035 4030 evenit,
1069 3969 1140 4020 naud
1156 3969 1281 4020 diuturna

265 4057 327 4096 esse
342 4049 444 4110 potest.
466 4068 475 4089 »
495 4074 525 4082 -
542 4047 624 4098 Porro
640 4046 742 4098 reterre
759 4048 801 4098 est
814 4047 883 4098 Anu.
908 4048 951 4110 lit,
968 4049 1000 4098 at
1010 4064 1016 4098 :
1049 4069 1061 4094 tl
1080 4047 1281 4116 corruptissima

264 4125 402 4192 republica
419 4143 446 4175 r.
