3080 4948
720 625 915 706 ..tp-

309 821 314 828 ·
361 782 437 859 Hoc
465 792 520 858 est
552 784 647 876 quod
688 785 793 857 toties
827 785 924 877 apud
956 785 1095 859 Stoicos
1137 784 1316 877 Sapientis

312 911 432 1001 imago
457 911 693 996 describatur,
713 911 828 1000 primo
851 911 995 1001 quidem
1013 910 1185 1000 adspectu
1214 929 1317 1001 paene

311 1035 453 1125 odiosa,
486 1036 684 1128 praesertim
718 1035 815 1125 quod
842 1035 973 1107 Neroni
995 1035 1040 1108 de
1072 1035 1265 1107 clementia
1297 1053 1318 1104 e

310 1160 478 1251 prudenti
496 1159 669 1250 magistro
685 1165 916 1231 memoratur.

357 1287 437 1378 lpse
453 1287 598 1378 uiridem
619 1285 756 1359 Seneca
772 1285 953 1376 Sapientis
978 1287 1157 1358 tristitiam
1194 1305 1236 1358 ae
1256 1305 1315 1358 se-

305 1412 490 1483 ueritatem
512 1411 698 1483 verborum
726 1411 872 1482 lenitate
894 1411 1079 1500 mitigavit.
1109 1410 1201 1482 lllud
1221 1410 1317 1482 enim

306 1536 404 1628 quod
424 1556 466 1609 er
481 1537 586 1609 venia
601 1536 774 1626 consequi
798 1535 899 1623 velis,
930 1535 1135 1608 honestiore
1166 1535 1230 1607 tibi
1263 1535 1319 1606 uia

306 1657 438 1734 tribuet
450 1659 509 1757 (l).
528 1662 640 1733 Immo
657 1662 739 1733 licet
751 1680 823 1732 non
839 1660 1119 1750 ignoscat‚idem
1132 1660 1318 1751 lecitquod

306 1786 337 1858 si
352 1786 574 1877 ignosceret:
604 1787 760 1877 aliquem
784 1785 901 1858 verbis
925 1792 1063 1857 tantum
1095 1785 1316 1872 admonebit,

306 1930 415 2003 poene
432 1932 503 1983 non
523 1912 668 1999 afficiet,
697 1917 839 1983 aetatem
861 1911 940 2000 eius
968 1911 1231 1984 emendabilem
1266 1914 1320 1983 in-

306 2043 426 2124 tuens,
458 2034 615 2127 aliquem
648 2036 782 2108 invidia
804 2036 964 2107 criminis
994 2037 1184 2108 manifeste
1218 2038 1319 2109 labo-

306 2169 443 2234 rantem
460 2162 601 2252 iubebit
616 2161 832 2233 incolumem
847 2180 942 2249 esse,
965 2161 1050 2250 quia
1065 2162 1236 2253 deeeptus
1251 2168 1318 2251 est,

307 2281 393 2377 quia
420 2306 483 2378 per
514 2288 634 2358 uinum
665 2287 915 2377 lapsus.1laec
947 2292 1066 2358 eutem
1098 2288 1220 2358 omnia
1247 2305 1318 2359 non

304 2412 432 2499 veniae,
462 2412 741 2484 sedclementiae
772 2429 881 2502 opera
913 2406 1074 2505 enulfi).
1104 2411 1229 2501 ltaque
1243 2414 1315 2485 cle—

310 2538 445 2610 mentia
461 2537 528 2609 hoc
544 2538 696 2628 primum
714 2541 863 2628 praestat
881 2543 933 2622 ut,
946 2553 1036 2626 quos
1057 2535 1215 2626 dimittit,
1231 2537 1318 2609 nibil

302 2661 402 2733 aliud
438 2663 517 2733 illos
538 2663 612 2753 pati
641 2662 811 2734 debuisse
844 2661 1062 2752 pronuntiet.
1092 2661 1142 2734 lie
1181 2662 1318 2734 miseri-

301 2787 422 2858 cordia
473 2795 592 2859 autem
640 2788 843 2859 similiter:
900 2787 1023 2857 omnia
1062 2787 1159 2858 enim
1207 2806 1302 2877 quae,

301 2913 362 3004 qui
380 2913 605 3001 miserentur,
636 2913 752 2984 solent
766 2912 895 3000 lacere,
924 2911 1041 2982 libens
1058 2919 1093 2983 et
1117 2914 1212 2984 altus
1233 2912 1312 2983 ani·

300 3193 400 3247 nomini
418 3193 606 3256 remissurum;
618 3193 744 3260 quoniam
754 3193 920 3260 indulgentia
929 3184 969 3264 (τό
983 3185 1009 3266 γ’
1025 3185 1114 3264 εἴκειν)
1126 3206 1158 3246 ac
1167 3193 1316 3246 misericor·

301 3274 344 3326 dia
358 3268 383 3346 (ὁ
399 3275 478 3348 ἔλεος)
495 3277 522 3326 et
533 3274 591 3340 ipso
604 3274 686 3325 nimia
701 3274 829 3338 parcendi
840 3273 951 3325 facilitas
968 3265 1115 3346 (ἐπιείκεια)
1133 3276 1175 3325 est
1185 3273 1313 3338 pusillitas

301 3355 380 3407 animi
400 3347 540 3433 (εὐδένεια)
552 3355 578 3406 in
595 3355 732 3422 suppliciis
750 3355 889 3407 sumendis
904 3354 1054 3407 bonitatem
1076 3345 1266 3428 (χρηστότητα)
1283 3353 1316 3405 si·

300 3435 443 3499 mulantis;
461 3449 550 3501 neque
569 3437 617 3489 iras
632 3449 728 3502 poenas
750 3435 873 3488 duriores
895 3435 1026 3487 arbitrari.
1049 3455 1061 3480 ιι
1085 3435 1239 3500 (Diogenes,
1263 3435 1315 3498 vll,

299 3515 340 3577 ol,
357 3517 422 3579 teet.

330 3604 396 3656 llicit
414 3604 471 3657 fere
493 3605 589 3658 eadem
609 3606 750 3659 Stobaeus:
768 3626 833 3657 ......
855 3604 931 3657 Unde
948 3606 1023 3656 recte
1040 3616 1176 3670 nunquam
1200 3601 1316 3670 (sapien-

299 3686 364 3746 tem)
389 3685 532 3752 ignoscere
558 3688 732 3752 peccantibus
758 3687 830 3752 poni.
857 3687 911 3739 Nec
936 3685 1082 3751 benignum
1104 3678 1231 3759 (ἐπιεικῆ)
1254 3697 1315 3738 esse

298 3765 448 3829 sapientem
471 3766 571 3830 dicunt,
595 3767 668 3832 quod
690 3767 825 3834 benignus
836 3769 938 3832 justum
954 3768 1113 3832 supplicium
1130 3768 1314 3834 deprecetur;

299 3845 421 3909 ejusdem
442 3846 513 3898 enim
544 3847 602 3900 lore
626 3849 773 3914 benignum
795 3861 856 3901 esse
876 3851 903 3900 el
923 3861 1017 3914 poenas
1034 3849 1138 3915 legibus
1155 3848 1313 3901 constitutas

298 3926 410 3978 credere
418 3927 490 3991 justo
503 3927 625 3980 duriores
636 3941 698 3982 esse
714 3943 746 3982 ac
763 3929 945 3996 legislatorem
960 3933 1053 3982 contra
1069 3930 1221 3996 aequitatem
1234 3941 1314 3982 eous·

297 4004 411 4058 tituisse.
428 4025 440 4051 ι
459 4005 535 4070 (Eeb,
549 4008 580 4068 ll,
596 4008 611 4058 6
626 4009 745 4073 (178)-
761 4009 890 4071 immolre,
908 4011 927 4060 t.
943 4009 976 4071 ll,
992 4021 1018 4074 p.
1035 4008 1088 4067 52.)

329 4092 362 4159 (1)
380 4093 416 4144 ilc
431 4093 518 4156 clem„
536 4095 568 4158 ll,
586 4097 612 4146 7.
633 4095 657 4148 2.

330 4181 363 4244 (b)
381 4179 451 4234 ibid.
467 4182 500 4246 ll,
516 4183 613 4236 met
627 4185 651 4236 3.
