3062 4942
621 645 819 718 ..pq-

214 815 429 887 soeure,nee
443 791 721 890 spectaculall);
736 795 787 868 sie
807 795 845 866 iu
861 795 921 868 illo
941 797 1001 888 qui
1022 797 1065 870 de
1084 799 1140 872 iro
1158 799 1233 872 ins·

214 923 372 1008 crinitur,
397 923 490 994 noris
507 921 641 993 ooourit
660 922 780 1010 imago
811 935 970 994 romanae
995 923 1148 996 miseriae
1166 923 1229 1017 (sl.

215 1045 602 1119 Omniasoelerihusae
614 1045 708 1115 vitiis
720 1045 826 1134 plena
838 1049 1012 1118 tuucesse
1029 1025 1231 1136 monemur,

214 1172 425 1262 ingentique
447 1170 603 1262 quodam
627 1169 795 1258 nequitiae
814 1171 1007 1243 certamine
1028 1173 1169 1255 certari,
1199 1179 1235 1245 et

214 1297 365 1388 expulso
387 1296 543 1368 melioris
575 1293 816 1384 aequiorisque
848 1302 1024 1387 respectu,
1062 1315 1233 1387 quocum·

215 1437 285 1511 que
318 1420 431 1492 risum
464 1419 583 1504 luerit,
614 1417 798 1490 libidinem
845 1437 884 1491 se
917 1420 1133 1511 impingere;
1165 1427 1231 1496 neu

213 1545 342 1617 lurtiva
355 1545 429 1634 jam
461 1544 598 1616 seelera
629 1561 723 1628 esse,
757 1550 884 1634 praeter
912 1544 1035 1616 oeulos
1055 1545 1231 1633 neede-

213 1687 307 1759 oque
336 1669 372 1741 iu
401 1669 582 1760 publicum
605 1667 754 1740 missam
771 1687 852 1742 esse
870 1670 1069 1759 nequitiam
1091 1676 1127 1743 el
1146 1688 1230 1744 eva-

213 1794 324 1869 luisse
348 1794 386 1864 in
410 1795 570 1865 omnium
599 1791 816 1884 pectoribus
849 1799 888 1864 ut
925 1794 1133 1867 innocentie
1157 1809 1230 1868 uon

127 1997 132 2006 ,
211 1939 307 2006 rara,
330 1918 394 1992 sed
415 1920 514 1991 nulla
534 1919 595 1990 sit.
613 1916 744 2002 Quidni
779 1925 888 1989 totum
921 1920 1232 1992 exhibeamzlruno

213 2044 363 2120 looumi
389 2070 406 2106 o
432 2043 614 2133 Numquid
635 2043 729 2115 enim
752 2043 882 2132 singuli
901 2051 963 2115 aut
978 2046 1081 2134 pauoi
1102 2063 1231 2135 rupere

213 2167 547 2258 legemluudique,
569 2169 665 2239 velut
693 2168 797 2256 signo
827 2168 923 2256 dato,
948 2168 995 2240 ad
1024 2169 1079 2240 las
1109 2169 1229 2240 nelos·

214 2311 284 2382 que
307 2292 532 2365 miscendum
562 2293 670 2364 ooorti
700 2298 796 2364 sunt.

257 2611 532 2628 ......
575 2563 646 2630 Non
661 2565 787 2644 hospes
803 2564 843 2628 ab
859 2563 988 2646 hospite
1004 2549 1108 2639 tutus

252 2673 324 2738 Non
340 2688 617 2752 soceragener03
635 2672 769 2736 lratrum
786 2688 913 2751 quoque
928 2670 1033 2751 gratie
1045 2689 1120 2736 rara
1132 2681 1195 2736 est.

254 2778 405 2843 imminet
420 2778 518 2843 exitio
532 2778 582 2842 vir
597 2777 759 2858 coniugis,
776 2778 832 2842 illa
846 2777 971 2850 mariti;

219 2957 221 2964 ¹
254 2884 372 2948 lurida
388 2884 554 2948 terribiles
570 2884 710 2948 miscent
724 2883 856 2948 aconita
874 2901 1041 2962 novercae,

254 2993 354 3056 Filius
374 2992 551 3056 antediem
569 2991 691 3074 patrios
711 2991 844 3072 inquirit
859 2991 891 3054 in
906 3009 1023 3056 annos.

269 3283 286 3319 «
301 3256 343 3328 m
363 3262 473 3346 quota
489 3275 572 3346 pars
589 3256 658 3327 ista
678 3255 852 3372 scelerum
868 3261 924 3328 est
937 3255 1000 3327 l...
1019 3254 1119 3328 Adde
1134 3275 1231 3328 nuno

210 3380 356 3473 publiea
374 3381 530 3471 periuria
557 3380 731 3469 gentium,
755 3386 790 3450 et
826 3385 931 3470 rupta
967 3379 1115 3466 loedera,
1140 3387 1174 3454 et
1193 3381 1229 3451 in

244 3689 279 3752 (ι)
296 3686 338 3739 cl.
351 3687 485 3750 mrtem„
501 3688 521 3749 l,
535 3688 559 3737 a.
577 3688 603 3738 t.
624 3703 634 3734 ι
653 3686 686 3737 Ut
701 3685 812 3736 fulmina
827 3698 972 3750 paucorum
990 3685 1110 3752 periculo
1121 3687 1230 3751 endunt,

211 3767 332 3822 oninium
349 3773 432 3830 metu,
444 3767 483 3820 sie
498 3767 747 3820 animadversiones
760 3779 918 3827 magnarum
947 3771 1110 3832 potestatum
1131 3773 1235 3824 terrent

211 3847 289 3902 latius
304 3860 384 3913 quum
396 3851 512 3901 nocent:
529 3859 583 3899 nou
601 3847 660 3898 siue
678 3857 771 3898 eausa.
799 3847 857 3898 llou
877 3847 949 3898 enim
973 3851 1101 3912 quantum
1132 3849 1233 3914 lecerit,

213 3927 263 3984 sed
279 3932 409 3993 quantum
426 3928 545 3982 lecturus
559 3927 602 3989 sit,
621 3926 850 3993 cogitatorium,
868 3926 913 3992 qui
939 3927 1031 3980 omniu
1052 3932 1154 3994 potest.
1173 3948 1186 3976 s
1208 3955 1233 3968 -

212 4007 297 4068 rom,
310 4009 333 4072 l,
350 4009 390 4059 12.
410 4012 439 4060 l:
458 4009 647 4074 «Temperatus
662 4007 732 4059 enim
748 4006 828 4058 timor
842 4007 950 4060 cohibet
965 4007 1084 4061 animos:
1108 4010 1234 4063 assiduus

212 4101 278 4142 roro
292 4092 319 4140 el
334 4102 398 4142 noer
413 4093 440 4142 ot
452 4092 572 4142 extremo
582 4087 744 4150 admovens,
759 4087 785 4138 in
801 4086 930 4140 nudoeius
946 4089 1069 4152 jacentes
1084 4089 1195 4142 exultat.
1217 4110 1230 4134 a

246 4187 280 4249 (2)
298 4185 333 4236 lte
348 4187 402 4248 iro,
416 4186 447 4248 ll,
464 4186 480 4235 8
497 4188 525 4237 el
538 4187 561 4235 9.
583 4213 612 4220 -
630 4185 668 4234 Cl'.
683 4184 714 4235 de
731 4184 816 4247 benef.
832 4185 861 4246 V,
880 4185 919 4235 15.
