<?xml version="1.0" encoding="UTF-8"?>
<!DOCTYPE html PUBLIC "-//W3C//DTD XHTML 1.0 Transitional//EN"
    "http://www.w3.org/TR/xhtml1/DTD/xhtml1-transitional.dtd">
<html xmlns="http://www.w3.org/1999/xhtml" xml:lang="en" lang="en">
 <head>
  <title>
</title>
<meta http-equiv="Content-Type" content="text/html;charset=utf-8" />
  <meta name='ocr-system' content='tesseract 3.04.00' />
  <meta name='ocr-capabilities' content='ocr_page ocr_carea ocr_par ocr_line ocrx_word'/>
</head>
<body>
  <div class='ocr_page' id='page_1' title='image "./quiddeclementia00dorigoog_0125.png"; bbox 0 0 3062 4942; ppageno 0'>
   <div class='ocr_carea' id='block_1_1' title="bbox 746 621 966 700">
    <p class='ocr_par' dir='ltr' id='par_1_1' title="bbox 746 621 966 700">
     <span class='ocr_line' id='line_1_1' title="bbox 746 621 966 700; baseline 0.005 -1"><span class='ocrx_word' id='word_1_1' title='bbox 746 621 966 700; x_wconf 84' lang='lat' dir='ltr'>-lld-</span> 
     </span>
    </p>
   </div>
   <div class='ocr_carea' id='block_1_2' title="bbox 342 777 1356 2490">
    <p class='ocr_par' dir='ltr' id='par_1_2' title="bbox 342 777 1356 1869">
     <span class='ocr_line' id='line_1_2' title="bbox 343 777 1355 876; baseline 0.004 -24"><span class='ocrx_word' id='word_1_2' title='bbox 343 777 510 853; x_wconf 89' lang='lat' dir='ltr'>animalis</span> <span class='ocrx_word' id='word_1_3' title='bbox 526 779 603 876; x_wconf 84' lang='lat' dir='ltr'>(l)?</span> <span class='ocrx_word' id='word_1_4' title='bbox 616 778 866 851; x_wconf 83' lang='lat' dir='ltr'>Animadverte</span> <span class='ocrx_word' id='word_1_5' title='bbox 889 779 1064 851; x_wconf 78' lang='lat' dir='ltr'>«dirum»</span> <span class='ocrx_word' id='word_1_6' title='bbox 1086 781 1184 853; x_wconf 89' lang='lat' dir='ltr'>illum</span> <span class='ocrx_word' id='word_1_7' title='bbox 1209 810 1226 845; x_wconf 78' lang='grc' dir='ltr'>α</span> <span class='ocrx_word' id='word_1_8' title='bbox 1242 785 1355 857; x_wconf 89' lang='lat' dir='ltr'>animi</span> 
     </span>
     <span class='ocr_line' id='line_1_3' title="bbox 344 902 1353 999; baseline 0.004 -23"><span class='ocrx_word' id='word_1_9' title='bbox 344 906 540 978; x_wconf 87' lang='lat' dir='ltr'>morbum»</span> <span class='ocrx_word' id='word_1_10' title='bbox 562 902 608 999; x_wconf 74' lang='lat' dir='ltr'>(b)</span> <span class='ocrx_word' id='word_1_11' title='bbox 625 911 660 976; x_wconf 89' lang='lat' dir='ltr'>et</span> <span class='ocrx_word' id='word_1_12' title='bbox 689 923 806 993; x_wconf 89' lang='lat' dir='ltr'>regem</span> <span class='ocrx_word' id='word_1_13' title='bbox 841 904 938 975; x_wconf 93' lang='lat' dir='ltr'>bnnc</span> <span class='ocrx_word' id='word_1_14' title='bbox 966 905 1028 994; x_wconf 94' lang='lat' dir='ltr'>qni</span> <span class='ocrx_word' id='word_1_15' title='bbox 1062 907 1131 977; x_wconf 80' lang='lat' dir='ltr'>uin</span> <span class='ocrx_word' id='word_1_16' title='bbox 1153 915 1353 980; x_wconf 92' lang='lat' dir='ltr'>monstrum</span> 
     </span>
     <span class='ocr_line' id='line_1_4' title="bbox 343 1027 1356 1120; baseline 0.003 -18"><span class='ocrx_word' id='word_1_17' title='bbox 343 1031 507 1102; x_wconf 84' lang='lat' dir='ltr'>excrevit.</span> <span class='ocrx_word' id='word_1_18' title='bbox 531 1057 548 1093; x_wconf 86' lang='grc'>»</span> <span class='ocrx_word' id='word_1_19' title='bbox 574 1027 687 1114; x_wconf 83' lang='lat' dir='ltr'>Quale</span> <span class='ocrx_word' id='word_1_20' title='bbox 707 1029 786 1118; x_wconf 84' lang='lat' dir='ltr'>ejus</span> <span class='ocrx_word' id='word_1_21' title='bbox 806 1047 954 1118; x_wconf 90' lang='lat' dir='ltr'>regnum</span> <span class='ocrx_word' id='word_1_22' title='bbox 976 1030 1050 1100; x_wconf 83' lang='lat' dir='ltr'>est!</span> <span class='ocrx_word' id='word_1_23' title='bbox 1085 1029 1127 1101; x_wconf 85' lang='lat' dir='ltr'>m</span> <span class='ocrx_word' id='word_1_24' title='bbox 1160 1050 1232 1120; x_wconf 93' lang='lat' dir='ltr'>quo</span> <span class='ocrx_word' id='word_1_25' title='bbox 1253 1051 1356 1105; x_wconf 85' lang='lat' dir='ltr'>exac-</span> 
     </span>
     <span class='ocr_line' id='line_1_5' title="bbox 342 1152 1355 1242; baseline 0.001 -15"><span class='ocrx_word' id='word_1_26' title='bbox 342 1155 413 1227; x_wconf 92' lang='lat' dir='ltr'>tius</span> <span class='ocrx_word' id='word_1_27' title='bbox 440 1154 546 1226; x_wconf 88' lang='lat' dir='ltr'>etiam</span> <span class='ocrx_word' id='word_1_28' title='bbox 572 1154 691 1242; x_wconf 82' lang='lat' dir='ltr'>imago</span> <span class='ocrx_word' id='word_1_29' title='bbox 719 1153 780 1223; x_wconf 91' lang='lat' dir='ltr'>illa</span> <span class='ocrx_word' id='word_1_30' title='bbox 807 1152 1043 1241; x_wconf 79' lang='lat' dir='ltr'>describatur,</span> <span class='ocrx_word' id='word_1_31' title='bbox 1065 1155 1194 1226; x_wconf 90' lang='lat' dir='ltr'>accidit</span> <span class='ocrx_word' id='word_1_32' title='bbox 1224 1163 1264 1227; x_wconf 89' lang='lat' dir='ltr'>ut</span> <span class='ocrx_word' id='word_1_33' title='bbox 1292 1158 1355 1229; x_wconf 86' lang='lat' dir='ltr'>Se-</span> 
     </span>
     <span class='ocr_line' id='line_1_6' title="bbox 342 1278 1354 1371; baseline 0.003 -21"><span class='ocrx_word' id='word_1_34' title='bbox 342 1299 432 1351; x_wconf 84' lang='lat' dir='ltr'>neca</span> <span class='ocrx_word' id='word_1_35' title='bbox 450 1298 555 1371; x_wconf 84' lang='lat' dir='ltr'>paene</span> <span class='ocrx_word' id='word_1_36' title='bbox 570 1279 714 1350; x_wconf 89' lang='lat' dir='ltr'>eosdem</span> <span class='ocrx_word' id='word_1_37' title='bbox 732 1278 868 1350; x_wconf 90' lang='lat' dir='ltr'>colores</span> <span class='ocrx_word' id='word_1_38' title='bbox 885 1285 1033 1368; x_wconf 75' lang='lat' dir='ltr'>usurpet</span> <span class='ocrx_word' id='word_1_39' title='bbox 1060 1279 1192 1368; x_wconf 92' lang='lat' dir='ltr'>quibus</span> <span class='ocrx_word' id='word_1_40' title='bbox 1212 1280 1354 1353; x_wconf 89' lang='lat' dir='ltr'>Tacitus</span> 
     </span>
     <span class='ocr_line' id='line_1_7' title="bbox 342 1401 1355 1495; baseline 0.003 -21"><span class='ocrx_word' id='word_1_41' title='bbox 342 1404 456 1494; x_wconf 84' lang='lat' dir='ltr'>pinxit</span> <span class='ocrx_word' id='word_1_42' title='bbox 479 1404 629 1476; x_wconf 90' lang='lat' dir='ltr'>Neronis</span> <span class='ocrx_word' id='word_1_43' title='bbox 660 1422 797 1475; x_wconf 91' lang='lat' dir='ltr'>errores</span> <span class='ocrx_word' id='word_1_44' title='bbox 817 1401 882 1494; x_wconf 87' lang='lat'>(3),</span> <span class='ocrx_word' id='word_1_45' title='bbox 902 1410 937 1474; x_wconf 88' lang='lat' dir='ltr'>et</span> <span class='ocrx_word' id='word_1_46' title='bbox 969 1404 1090 1474; x_wconf 89' lang='lat' dir='ltr'>omnia</span> <span class='ocrx_word' id='word_1_47' title='bbox 1120 1412 1247 1476; x_wconf 81' lang='lat' dir='ltr'>maesta</span> <span class='ocrx_word' id='word_1_48' title='bbox 1279 1424 1355 1495; x_wconf 92' lang='lat' dir='ltr'>pro-</span> 
     </span>
     <span class='ocr_line' id='line_1_8' title="bbox 342 1527 1354 1622; baseline 0.001 -21"><span class='ocrx_word' id='word_1_49' title='bbox 342 1535 453 1622; x_wconf 88' lang='lat' dir='ltr'>ponat</span> <span class='ocrx_word' id='word_1_50' title='bbox 489 1529 622 1616; x_wconf 84' lang='lat' dir='ltr'>oculis,</span> <span class='ocrx_word' id='word_1_51' title='bbox 663 1529 785 1599; x_wconf 91' lang='lat' dir='ltr'>omnia</span> <span class='ocrx_word' id='word_1_52' title='bbox 828 1527 966 1618; x_wconf 90' lang='lat' dir='ltr'>trepida</span> <span class='ocrx_word' id='word_1_53' title='bbox 999 1529 1244 1620; x_wconf 83' lang='lat' dir='ltr'>contusaque,</span> <span class='ocrx_word' id='word_1_54' title='bbox 1284 1550 1354 1602; x_wconf 94' lang='lat' dir='ltr'>non</span> 
     </span>
     <span class='ocr_line' id='line_1_9' title="bbox 343 1652 1353 1744; baseline 0.001 -19"><span class='ocrx_word' id='word_1_55' title='bbox 343 1654 441 1726; x_wconf 90' lang='lat' dir='ltr'>aliud</span> <span class='ocrx_word' id='word_1_56' title='bbox 461 1661 568 1743; x_wconf 89' lang='lat' dir='ltr'>atque</span> <span class='ocrx_word' id='word_1_57' title='bbox 589 1660 772 1744; x_wconf 90' lang='lat' dir='ltr'>captarum</span> <span class='ocrx_word' id='word_1_58' title='bbox 800 1652 938 1723; x_wconf 92' lang='lat' dir='ltr'>urbium</span> <span class='ocrx_word' id='word_1_59' title='bbox 960 1653 1107 1741; x_wconf 78' lang='lat' dir='ltr'>lormaS,</span> <span class='ocrx_word' id='word_1_60' title='bbox 1125 1661 1160 1725; x_wconf 84' lang='lat' dir='ltr'>et</span> <span class='ocrx_word' id='word_1_61' title='bbox 1178 1655 1353 1726; x_wconf 78' lang='lat' dir='ltr'>terribiles</span> 
     </span>
     <span class='ocr_line' id='line_1_10' title="bbox 342 1778 766 1869; baseline -0.005 -19"><span class='ocrx_word' id='word_1_62' title='bbox 342 1779 452 1850; x_wconf 86' lang='lat' dir='ltr'>iacies</span> <span class='ocrx_word' id='word_1_63' title='bbox 476 1779 607 1869; x_wconf 86' lang='lat' dir='ltr'>publici</span> <span class='ocrx_word' id='word_1_64' title='bbox 628 1778 766 1850; x_wconf 81' lang='lat' dir='ltr'>metus!</span> 
     </span>
    </p>

    <p class='ocr_par' dir='ltr' id='par_1_3' title="bbox 342 1889 1353 2490">
     <span class='ocr_line' id='line_1_11' title="bbox 390 1889 1352 1994; baseline 0.002 -19"><span class='ocrx_word' id='word_1_65' title='bbox 390 1903 579 1994; x_wconf 84' lang='lat' dir='ltr'>Equidem,</span> <span class='ocrx_word' id='word_1_66' title='bbox 596 1903 666 1974; x_wconf 85' lang='lat' dir='ltr'>nisi</span> <span class='ocrx_word' id='word_1_67' title='bbox 689 1903 805 1989; x_wconf 88' lang='lat' dir='ltr'>lallor,</span> <span class='ocrx_word' id='word_1_68' title='bbox 836 1895 915 1973; x_wconf 91' lang='lat' dir='ltr'>cum</span> <span class='ocrx_word' id='word_1_69' title='bbox 942 1903 977 1972; x_wconf 93' lang='lat' dir='ltr'>in</span> <span class='ocrx_word' id='word_1_70' title='bbox 1002 1903 1073 1990; x_wconf 91' lang='lat' dir='ltr'>bis,</span> <span class='ocrx_word' id='word_1_71' title='bbox 1103 1909 1178 1975; x_wconf 92' lang='lat' dir='ltr'>tum</span> <span class='ocrx_word' id='word_1_72' title='bbox 1207 1889 1245 1975; x_wconf 94' lang='lat' dir='ltr'>in</span> <span class='ocrx_word' id='word_1_73' title='bbox 1275 1895 1352 1977; x_wconf 84' lang='lat' dir='ltr'>aliis</span> 
     </span>
     <span class='ocr_line' id='line_1_12' title="bbox 343 2025 1353 2114; baseline 0 -15"><span class='ocrx_word' id='word_1_74' title='bbox 343 2028 450 2099; x_wconf 89' lang='lat' dir='ltr'>eliam</span> <span class='ocrx_word' id='word_1_75' title='bbox 483 2028 584 2114; x_wconf 90' lang='lat' dir='ltr'>locis,</span> <span class='ocrx_word' id='word_1_76' title='bbox 611 2034 716 2099; x_wconf 86' lang='lat' dir='ltr'>teneo</span> <span class='ocrx_word' id='word_1_77' title='bbox 750 2025 923 2098; x_wconf 83' lang='lat' dir='ltr'>Senecam</span> <span class='ocrx_word' id='word_1_78' title='bbox 953 2033 1091 2098; x_wconf 87' lang='lat' dir='ltr'>tantum</span> <span class='ocrx_word' id='word_1_79' title='bbox 1126 2047 1199 2099; x_wconf 92' lang='lat' dir='ltr'>non</span> <span class='ocrx_word' id='word_1_80' title='bbox 1236 2029 1353 2101; x_wconf 85' lang='lat' dir='ltr'>auda-</span> 
     </span>
     <span class='ocr_line' id='line_1_13' title="bbox 342 2152 1351 2243; baseline 0.001 -19"><span class='ocrx_word' id='word_1_81' title='bbox 342 2173 433 2240; x_wconf 89' lang='lat' dir='ltr'>cem,</span> <span class='ocrx_word' id='word_1_82' title='bbox 450 2160 486 2225; x_wconf 89' lang='lat' dir='ltr'>el</span> <span class='ocrx_word' id='word_1_83' title='bbox 501 2152 607 2224; x_wconf 93' lang='lat' dir='ltr'>audio</span> <span class='ocrx_word' id='word_1_84' title='bbox 622 2171 824 2224; x_wconf 91' lang='lat' dir='ltr'>sermonem</span> <span class='ocrx_word' id='word_1_85' title='bbox 841 2152 894 2223; x_wconf 87' lang='lat' dir='ltr'>rel</span> <span class='ocrx_word' id='word_1_86' title='bbox 914 2152 1128 2243; x_wconf 93' lang='lat' dir='ltr'>pbilosopbo</span> <span class='ocrx_word' id='word_1_87' title='bbox 1144 2153 1181 2224; x_wconf 90' lang='lat' dir='ltr'>in</span> <span class='ocrx_word' id='word_1_88' title='bbox 1202 2153 1351 2226; x_wconf 91' lang='lat' dir='ltr'>Neronis</span> 
     </span>
     <span class='ocr_line' id='line_1_14' title="bbox 343 2273 1349 2366; baseline 0 -18"><span class='ocrx_word' id='word_1_89' title='bbox 343 2278 426 2348; x_wconf 88' lang='lat' dir='ltr'>aula</span> <span class='ocrx_word' id='word_1_90' title='bbox 446 2277 501 2347; x_wconf 83' lang='lat' dir='ltr'>rin</span> <span class='ocrx_word' id='word_1_91' title='bbox 528 2295 753 2348; x_wconf 90' lang='lat' dir='ltr'>concessum.</span> <span class='ocrx_word' id='word_1_92' title='bbox 781 2273 910 2360; x_wconf 85' lang='lat' dir='ltr'>Qualia</span> <span class='ocrx_word' id='word_1_93' title='bbox 937 2282 1021 2346; x_wconf 92' lang='lat' dir='ltr'>sunt</span> <span class='ocrx_word' id='word_1_94' title='bbox 1049 2277 1200 2366; x_wconf 75' lang='lat' dir='ltr'>huiusce</span> <span class='ocrx_word' id='word_1_95' title='bbox 1228 2278 1349 2350; x_wconf 93' lang='lat' dir='ltr'>modi:</span> 
     </span>
     <span class='ocr_line' id='line_1_15' title="bbox 348 2398 1352 2490; baseline 0.001 -19"><span class='ocrx_word' id='word_1_96' title='bbox 348 2401 536 2472; x_wconf 86' lang='lat' dir='ltr'>«Nonest</span> <span class='ocrx_word' id='word_1_97' title='bbox 560 2401 680 2490; x_wconf 88' lang='lat' dir='ltr'>magni</span> <span class='ocrx_word' id='word_1_98' title='bbox 722 2400 926 2489; x_wconf 89' lang='lat' dir='ltr'>animi,qui</span> <span class='ocrx_word' id='word_1_99' title='bbox 967 2398 1010 2469; x_wconf 91' lang='lat' dir='ltr'>de</span> <span class='ocrx_word' id='word_1_100' title='bbox 1047 2400 1165 2472; x_wconf 91' lang='lat' dir='ltr'>alieno</span> <span class='ocrx_word' id='word_1_101' title='bbox 1196 2401 1352 2473; x_wconf 89' lang='lat' dir='ltr'>liberalis</span> 
     </span>
    </p>
   </div>
   <div class='ocr_carea' id='block_1_3' title="bbox 338 2523 1353 3360">
    <p class='ocr_par' dir='ltr' id='par_1_4' title="bbox 338 2523 1353 3360">
     <span class='ocr_line' id='line_1_16' title="bbox 342 2523 1353 2620; baseline 0.002 -24"><span class='ocrx_word' id='word_1_102' title='bbox 342 2532 397 2596; x_wconf 89' lang='lat' dir='ltr'>est</span> <span class='ocrx_word' id='word_1_103' title='bbox 425 2523 471 2620; x_wconf 77' lang='lat' dir='ltr'>(l)</span> <span class='ocrx_word' id='word_1_104' title='bbox 496 2549 531 2613; x_wconf 78' lang='lat'>»3</span> <span class='ocrx_word' id='word_1_105' title='bbox 562 2526 659 2614; x_wconf 91' lang='lat' dir='ltr'>atqui</span> <span class='ocrx_word' id='word_1_106' title='bbox 688 2525 936 2596; x_wconf 88' lang='lat' dir='ltr'>liberalitatem</span> <span class='ocrx_word' id='word_1_107' title='bbox 968 2523 1060 2596; x_wconf 91' lang='lat' dir='ltr'>Nero</span> <span class='ocrx_word' id='word_1_108' title='bbox 1092 2525 1297 2615; x_wconf 80' lang='lat' dir='ltr'>affectabat,</span> <span class='ocrx_word' id='word_1_109' title='bbox 1319 2532 1353 2598; x_wconf 90' lang='lat' dir='ltr'>et</span> 
     </span>
     <span class='ocr_line' id='line_1_17' title="bbox 340 2648 1350 2741; baseline 0.001 -21"><span class='ocrx_word' id='word_1_110' title='bbox 340 2669 468 2740; x_wconf 89' lang='lat' dir='ltr'>nuper,</span> <span class='ocrx_word' id='word_1_111' title='bbox 496 2648 702 2720; x_wconf 89' lang='lat' dir='ltr'>Britannico</span> <span class='ocrx_word' id='word_1_112' title='bbox 731 2649 959 2739; x_wconf 85' lang='lat' dir='ltr'>interempta,</span> <span class='ocrx_word' id='word_1_113' title='bbox 988 2649 1177 2738; x_wconf 85' lang='lat' dir='ltr'>largitione</span> <span class='ocrx_word' id='word_1_114' title='bbox 1207 2651 1350 2741; x_wconf 90' lang='lat' dir='ltr'>potissi-</span> 
     </span>
     <span class='ocr_line' id='line_1_18' title="bbox 341 2773 1349 2860; baseline 0.001 -15"><span class='ocrx_word' id='word_1_115' title='bbox 341 2793 419 2845; x_wconf 91' lang='lat' dir='ltr'>mos</span> <span class='ocrx_word' id='word_1_116' title='bbox 457 2775 651 2845; x_wconf 90' lang='lat' dir='ltr'>amicorum</span> <span class='ocrx_word' id='word_1_117' title='bbox 687 2779 857 2860; x_wconf 82' lang='lat' dir='ltr'>auxerat3</span> <span class='ocrx_word' id='word_1_118' title='bbox 887 2791 953 2844; x_wconf 90' lang='lat' dir='ltr'>nec</span> <span class='ocrx_word' id='word_1_119' title='bbox 987 2773 1145 2860; x_wconf 89' lang='lat' dir='ltr'>deluere,</span> <span class='ocrx_word' id='word_1_120' title='bbox 1175 2775 1205 2845; x_wconf 92' lang='lat' dir='ltr'>si</span> <span class='ocrx_word' id='word_1_121' title='bbox 1233 2775 1349 2847; x_wconf 89' lang='lat' dir='ltr'>Tacito</span> 
     </span>
     <span class='ocr_line' id='line_1_19' title="bbox 340 2896 1348 2993; baseline 0 -22"><span class='ocrx_word' id='word_1_122' title='bbox 340 2898 466 2971; x_wconf 91' lang='lat' dir='ltr'>credas</span> <span class='ocrx_word' id='word_1_123' title='bbox 484 2896 545 2993; x_wconf 82' lang='grc'>(5),</span> <span class='ocrx_word' id='word_1_124' title='bbox 564 2899 623 2988; x_wconf 93' lang='lat' dir='ltr'>qui</span> <span class='ocrx_word' id='word_1_125' title='bbox 641 2905 830 2987; x_wconf 83' lang='lat' dir='ltr'>arguerent</span> <span class='ocrx_word' id='word_1_126' title='bbox 851 2898 943 2969; x_wconf 89' lang='lat' dir='ltr'>viros</span> <span class='ocrx_word' id='word_1_127' title='bbox 967 2900 1176 2986; x_wconf 83' lang='lat' dir='ltr'>gravitatem</span> <span class='ocrx_word' id='word_1_128' title='bbox 1206 2917 1348 2971; x_wconf 88' lang='lat' dir='ltr'>asseve-</span> 
     </span>
     <span class='ocr_line' id='line_1_20' title="bbox 338 3022 1348 3115; baseline 0.002 -21"><span class='ocrx_word' id='word_1_129' title='bbox 338 3029 475 3112; x_wconf 88' lang='lat' dir='ltr'>rantes,</span> <span class='ocrx_word' id='word_1_130' title='bbox 493 3022 589 3112; x_wconf 90' lang='lat' dir='ltr'>quod</span> <span class='ocrx_word' id='word_1_131' title='bbox 617 3022 758 3105; x_wconf 91' lang='lat' dir='ltr'>domos,</span> <span class='ocrx_word' id='word_1_132' title='bbox 775 3022 891 3110; x_wconf 89' lang='lat' dir='ltr'>villas,</span> <span class='ocrx_word' id='word_1_133' title='bbox 914 3041 957 3093; x_wconf 90' lang='lat' dir='ltr'>ea</span> <span class='ocrx_word' id='word_1_134' title='bbox 977 3028 1097 3111; x_wconf 88' lang='lat' dir='ltr'>aelate,</span> <span class='ocrx_word' id='word_1_135' title='bbox 1126 3024 1231 3112; x_wconf 92' lang='lat' dir='ltr'>quasi</span> <span class='ocrx_word' id='word_1_136' title='bbox 1262 3041 1348 3115; x_wconf 83' lang='lat' dir='ltr'>prae-</span> 
     </span>
     <span class='ocr_line' id='line_1_21' title="bbox 339 3144 1347 3236; baseline 0.002 -18"><span class='ocrx_word' id='word_1_137' title='bbox 339 3147 422 3218; x_wconf 88' lang='lat' dir='ltr'>dam</span> <span class='ocrx_word' id='word_1_138' title='bbox 456 3147 674 3219; x_wconf 89' lang='lat' dir='ltr'>divisissent.</span> <span class='ocrx_word' id='word_1_139' title='bbox 703 3144 796 3231; x_wconf 82' lang='lat' dir='ltr'>Quid</span> <span class='ocrx_word' id='word_1_140' title='bbox 837 3146 933 3236; x_wconf 92' lang='lat' dir='ltr'>quod</span> <span class='ocrx_word' id='word_1_141' title='bbox 968 3144 1106 3218; x_wconf 90' lang='lat' dir='ltr'>Seneca</span> <span class='ocrx_word' id='word_1_142' title='bbox 1145 3147 1251 3236; x_wconf 89' lang='lat' dir='ltr'>signa</span> <span class='ocrx_word' id='word_1_143' title='bbox 1286 3148 1347 3220; x_wconf 89' lang='lat' dir='ltr'>de-</span> 
     </span>
     <span class='ocr_line' id='line_1_22' title="bbox 339 3258 1346 3360; baseline 0.002 -20"><span class='ocrx_word' id='word_1_144' title='bbox 339 3258 1346 3360; x_wconf 86' lang='lat' dir='ltr'>monstrataccuratiusquibusdignoscanturcrudelitas</span> 
     </span>
    </p>
   </div>
   <div class='ocr_carea' id='block_1_4' title="bbox 335 3575 1342 3989">
    <p class='ocr_par' dir='ltr' id='par_1_5' title="bbox 368 3575 736 3643">
     <span class='ocr_line' id='line_1_23' title="bbox 368 3575 736 3643; baseline -0.005 -15"><span class='ocrx_word' id='word_1_145' title='bbox 368 3579 401 3643; x_wconf 89' lang='lat' dir='ltr'>(l)</span> <span class='ocrx_word' id='word_1_146' title='bbox 420 3576 458 3628; x_wconf 87' lang='lat' dir='ltr'>Cl.</span> <span class='ocrx_word' id='word_1_147' title='bbox 473 3575 504 3628; x_wconf 85' lang='lat' dir='ltr'>dc</span> <span class='ocrx_word' id='word_1_148' title='bbox 518 3576 604 3639; x_wconf 78' lang='lat' dir='ltr'>clem,</span> <span class='ocrx_word' id='word_1_149' title='bbox 619 3577 638 3639; x_wconf 92' lang='lat' dir='ltr'>l,</span> <span class='ocrx_word' id='word_1_150' title='bbox 654 3575 693 3640; x_wconf 65' lang='lat'>25,</span> <span class='ocrx_word' id='word_1_151' title='bbox 711 3579 736 3627; x_wconf 92' lang='lat' dir='ltr'>l.</span> 
     </span>
    </p>

    <p class='ocr_par' dir='ltr' id='par_1_6' title="bbox 369 3665 629 3730">
     <span class='ocr_line' id='line_1_24' title="bbox 369 3665 629 3730; baseline 0 -14"><span class='ocrx_word' id='word_1_152' title='bbox 369 3667 405 3730; x_wconf 66' lang='lat' dir='ltr'>(ts</span> <span class='ocrx_word' id='word_1_153' title='bbox 419 3665 498 3728; x_wconf 71' lang='lat' dir='ltr'>lota,</span> <span class='ocrx_word' id='word_1_154' title='bbox 514 3666 534 3728; x_wconf 93' lang='lat' dir='ltr'>l,</span> <span class='ocrx_word' id='word_1_155' title='bbox 549 3665 587 3716; x_wconf 74' lang='lat'>25.</span> <span class='ocrx_word' id='word_1_156' title='bbox 604 3665 629 3717; x_wconf 68' lang='lat'>2.</span> 
     </span>
    </p>

    <p class='ocr_par' dir='ltr' id='par_1_7' title="bbox 335 3752 1342 3898">
     <span class='ocr_line' id='line_1_25' title="bbox 367 3752 1342 3820; baseline 0.001 -14"><span class='ocrx_word' id='word_1_157' title='bbox 367 3757 399 3819; x_wconf 87' lang='grc'>(3)</span> <span class='ocrx_word' id='word_1_158' title='bbox 416 3755 445 3807; x_wconf 86' lang='lat' dir='ltr'>V.</span> <span class='ocrx_word' id='word_1_159' title='bbox 462 3756 542 3814; x_wconf 67' lang='lat' dir='ltr'>Aac,</span> <span class='ocrx_word' id='word_1_160' title='bbox 557 3754 625 3817; x_wconf 86' lang='lat' dir='ltr'>lllll,</span> <span class='ocrx_word' id='word_1_161' title='bbox 638 3754 670 3804; x_wconf 72' lang='lat'>25</span> <span class='ocrx_word' id='word_1_162' title='bbox 682 3769 688 3804; x_wconf 94' lang='lat'>:</span> <span class='ocrx_word' id='word_1_163' title='bbox 702 3772 714 3798; x_wconf 76' lang='grc' dir='ltr'>ιι</span> <span class='ocrx_word' id='word_1_164' title='bbox 729 3753 800 3804; x_wconf 83' lang='lat' dir='ltr'>Elin</span> <span class='ocrx_word' id='word_1_165' title='bbox 817 3752 925 3804; x_wconf 93' lang='lat' dir='ltr'>modum</span> <span class='ocrx_word' id='word_1_166' title='bbox 940 3752 1096 3818; x_wconf 85' lang='lat' dir='ltr'>captivitatis</span> <span class='ocrx_word' id='word_1_167' title='bbox 1112 3765 1164 3806; x_wconf 87' lang='lat' dir='ltr'>nox</span> <span class='ocrx_word' id='word_1_168' title='bbox 1179 3755 1315 3820; x_wconf 87' lang='lat' dir='ltr'>agebatur.</span> <span class='ocrx_word' id='word_1_169' title='bbox 1331 3774 1342 3800; x_wconf 70' lang='lat' dir='ltr'>a</span> 
     </span>
     <span class='ocr_line' id='line_1_26' title="bbox 335 3834 653 3898; baseline -0.013 -10"><span class='ocrx_word' id='word_1_170' title='bbox 335 3865 365 3873; x_wconf 95' lang='lat'>-</span> <span class='ocrx_word' id='word_1_171' title='bbox 381 3835 416 3888; x_wconf 80' lang='lat' dir='ltr'>be</span> <span class='ocrx_word' id='word_1_172' title='bbox 435 3835 523 3898; x_wconf 71' lang='lat' dir='ltr'>clena,</span> <span class='ocrx_word' id='word_1_173' title='bbox 538 3835 557 3898; x_wconf 92' lang='lat' dir='ltr'>l,</span> <span class='ocrx_word' id='word_1_174' title='bbox 573 3834 613 3896; x_wconf 73' lang='lat' dir='ltr'>bd,</span> <span class='ocrx_word' id='word_1_175' title='bbox 629 3838 653 3884; x_wconf 75' lang='grc'>2.</span> 
     </span>
    </p>

    <p class='ocr_par' dir='ltr' id='par_1_8' title="bbox 366 3922 692 3989">
     <span class='ocr_line' id='line_1_27' title="bbox 366 3922 692 3989; baseline -0.003 -14"><span class='ocrx_word' id='word_1_176' title='bbox 366 3927 399 3989; x_wconf 79' lang='lat' dir='ltr'>ll)</span> <span class='ocrx_word' id='word_1_177' title='bbox 418 3923 453 3974; x_wconf 77' lang='lat' dir='ltr'>lle</span> <span class='ocrx_word' id='word_1_178' title='bbox 475 3923 560 3985; x_wconf 76' lang='lat' dir='ltr'>clem,</span> <span class='ocrx_word' id='word_1_179' title='bbox 576 3922 594 3976; x_wconf 90' lang='lat'>1.</span> <span class='ocrx_word' id='word_1_180' title='bbox 614 3923 654 3983; x_wconf 67' lang='lat'>20,</span> <span class='ocrx_word' id='word_1_181' title='bbox 668 3923 692 3974; x_wconf 85' lang='lat'>3.</span> 
     </span>
    </p>
   </div>
   <div class='ocr_carea' id='block_1_5' title="bbox 333 4010 1345 4237">
    <p class='ocr_par' dir='ltr' id='par_1_9' title="bbox 333 4010 1345 4237">
     <span class='ocr_line' id='line_1_28' title="bbox 367 4010 1345 4076; baseline 0.001 -12"><span class='ocrx_word' id='word_1_182' title='bbox 367 4015 400 4076; x_wconf 81' lang='grc'>(5)</span> <span class='ocrx_word' id='word_1_183' title='bbox 415 4014 495 4073; x_wconf 78' lang='lat' dir='ltr'>Ana,</span> <span class='ocrx_word' id='word_1_184' title='bbox 507 4012 574 4074; x_wconf 89' lang='lat' dir='ltr'>lllll,</span> <span class='ocrx_word' id='word_1_185' title='bbox 590 4013 617 4061; x_wconf 81' lang='lat'>17</span> <span class='ocrx_word' id='word_1_186' title='bbox 632 4011 794 4071; x_wconf 82' lang='lat' dir='ltr'>inline;18:</span> <span class='ocrx_word' id='word_1_187' title='bbox 807 4030 819 4055; x_wconf 90' lang='lat'>«</span> <span class='ocrx_word' id='word_1_188' title='bbox 833 4010 880 4061; x_wconf 77' lang='lat' dir='ltr'>ulit</span> <span class='ocrx_word' id='word_1_189' title='bbox 894 4010 1085 4063; x_wconf 88' lang='lat' dir='ltr'>necessilatem</span> <span class='ocrx_word' id='word_1_190' title='bbox 1098 4011 1242 4063; x_wconf 85' lang='lat' dir='ltr'>adhibitam</span> <span class='ocrx_word' id='word_1_191' title='bbox 1253 4013 1345 4065; x_wconf 86' lang='lat' dir='ltr'>crede·</span> 
     </span>
     <span class='ocr_line' id='line_1_29' title="bbox 333 4091 1343 4158; baseline -0.002 -12"><span class='ocrx_word' id='word_1_192' title='bbox 333 4096 399 4146; x_wconf 89' lang='lat' dir='ltr'>bant</span> <span class='ocrx_word' id='word_1_193' title='bbox 417 4106 432 4144; x_wconf 87' lang='lat' dir='ltr'>a</span> <span class='ocrx_word' id='word_1_194' title='bbox 446 4091 576 4158; x_wconf 87' lang='lat' dir='ltr'>principe,</span> <span class='ocrx_word' id='word_1_195' title='bbox 593 4091 703 4144; x_wconf 88' lang='lat' dir='ltr'>sceleris</span> <span class='ocrx_word' id='word_1_196' title='bbox 721 4091 770 4142; x_wconf 87' lang='lat' dir='ltr'>sibi</span> <span class='ocrx_word' id='word_1_197' title='bbox 785 4091 905 4151; x_wconf 81' lang='lat' dir='ltr'>conscio,</span> <span class='ocrx_word' id='word_1_198' title='bbox 922 4095 950 4143; x_wconf 90' lang='lat' dir='ltr'>et</span> <span class='ocrx_word' id='word_1_199' title='bbox 962 4091 1067 4144; x_wconf 89' lang='lat' dir='ltr'>veniam</span> <span class='ocrx_word' id='word_1_200' title='bbox 1084 4095 1210 4156; x_wconf 84' lang='lat' dir='ltr'>sperante</span> <span class='ocrx_word' id='word_1_201' title='bbox 1225 4092 1248 4144; x_wconf 89' lang='lat' dir='ltr'>si</span> <span class='ocrx_word' id='word_1_202' title='bbox 1269 4093 1343 4158; x_wconf 82' lang='lat' dir='ltr'>largi·</span> 
     </span>
     <span class='ocr_line' id='line_1_30' title="bbox 334 4171 1041 4237; baseline -0.003 -11"><span class='ocrx_word' id='word_1_203' title='bbox 334 4173 451 4228; x_wconf 90' lang='lat' dir='ltr'>tionibus</span> <span class='ocrx_word' id='word_1_204' title='bbox 464 4171 655 4224; x_wconf 89' lang='lat' dir='ltr'>validissimum</span> <span class='ocrx_word' id='word_1_205' title='bbox 670 4184 805 4237; x_wconf 87' lang='lat' dir='ltr'>quemque</span> <span class='ocrx_word' id='word_1_206' title='bbox 817 4171 1013 4224; x_wconf 83' lang='lat' dir='ltr'>obstrinxisset.</span> <span class='ocrx_word' id='word_1_207' title='bbox 1030 4192 1041 4217; x_wconf 72' lang='lat' dir='ltr'>a</span> 
     </span>
    </p>
   </div>
   <div class='ocr_carea' id='block_1_6' title="bbox 0 0 1536 4935">
    <p class='ocr_par' dir='ltr' id='par_1_10' title="bbox 0 0 1536 4935">
     <span class='ocr_line' id='line_1_31' title="bbox 0 0 1536 4935; baseline 0 0"><span class='ocrx_word' id='word_1_208' title='bbox 0 0 1536 4935; x_wconf 95' lang='lat' dir='ltr'> </span> 
     </span>
    </p>
   </div>
  </div>
 </body>
</html>
