3080 4948
323 1129 427 1203 Corn.
464 1129 558 1201 enim
588 1127 749 1216 Tacitus,
786 1147 866 1199 curn
899 1128 943 1200 de
979 1129 1081 1202 initio
1115 1131 1201 1218 anni
1235 1132 1280 1202 55

273 1263 408 1346 narrat,
431 1257 543 1328 relato
564 1255 672 1327 etiarn
693 1255 728 1325 in
747 1253 926 1326 Plautium
948 1255 1164 1328 Lateranum
1180 1275 1284 1329 nero·

274 1381 393 1453 nianae
412 1380 585 1454 honitatis
606 1378 835 1468 documento,
857 1379 925 1452 lroc
960 1380 1156 1472 inscripsit:
1190 1382 1289 1455 «cle-

273 1507 445 1579 mentiam
477 1523 580 1578 suam
612 1504 843 1594 obstringens
878 1504 1012 1577 crebris
1050 1507 1286 1593 orationibus,

274 1651 366 1723 quas
400 1630 550 1717 Seneca,
581 1629 809 1702 testificando
841 1648 950 1720 quam
983 1631 1137 1703 honesta
1162 1633 1288 1723 praeci-

273 1763 385 1849 peret,
406 1757 461 1829 vel
480 1753 641 1846 iactandi
670 1754 807 1844 ingenii
828 1751 979 1848 (causa),
1000 1774 1085 1828 voce
1113 1756 1284 1848 principis

273 1881 445 1972 vulgabat
466 1876 527 1976 (l).
557 1907 574 1944 u

323 2007 414 2078 Hinc
429 2005 578 2095 colligas
594 2005 676 2077 licet
690 2023 753 2096 per
765 2005 948 2096 proprium
965 2024 1067 2097 opus,
1084 2006 1121 2078 iu
1141 2013 1195 2080 est
1214 2007 1290 2079 dia-

275 2133 396 2222 logum
414 2130 682 2221 nostrum,plus
699 2148 807 2219 quarn
826 2129 1006 2221 scriptoris
1019 2131 1171 2203 eximias
1187 2133 1288 2205 dotes

276 2255 385 2328 immo
403 2254 686 2347 praeceptorisac
703 2254 856 2326 ministri
879 2253 1076 2326 doctrinam
1095 2262 1130 2328 et
1150 2258 1288 2347 merita,

274 2379 501 2474 peculiariter
520 2379 704 2450 illustrari.
735 2378 779 2450 Et
797 2378 834 2449 id
865 2378 1009 2469 quidem
1039 2381 1151 2452 virum
1179 2381 1290 2455 dece·
1376 2376 1382 2386 '

273 2505 351 2591 hat,
383 2510 557 2595 quantum
590 2503 727 2593 negotii
761 2503 968 2592 sustineret,
1001 2505 1288 2596 prospicientem,

274 2641 393 2721 neque
429 2635 551 2702 contra
585 2628 735 2701 oblitum
775 2647 883 2719 quam
915 2629 1101 2702 commode
1132 2631 1206 2721 jam
1240 2633 1289 2704 rei

278 2756 432 2850 politicae
459 2755 713 2827 consuluisset.
742 2753 940 2843 Maiestatis
961 2754 1055 2826 enim
1086 2755 1290 2846 crimina‚a

277 2880 522 2973 superioribus
543 2878 764 2970 principibus
782 2877 943 2969 improbe
964 2884 1069 2949 aucta
1090 2898 1289 2967 numero,a

278 3005 415 3078 Seneca
434 3011 468 3076 et
483 3004 594 3076 Burro
610 3003 762 3076 Neronis
783 3003 928 3074 nomine
949 3003 1098 3075 leliciter
1118 3007 1286 3094 cohibita,

278 3132 387 3202 immo
404 3149 496 3201 nora
516 3129 647 3221 patrari
670 3128 831 3199 lacinora
852 3127 922 3198 nisi
941 3126 1074 3199 Burrus
1097 3136 1132 3202 et
1153 3129 1290 3204 Seneca

278 3254 419 3327 obviam
441 3255 568 3342 issent,
589 3271 695 3325 nemo
721 3258 797 3324 erat
813 3252 898 3341 quin
917 3253 1101 3324 etiamtum
1119 3258 1290 3328 memoria

277 3385 416 3452 teneret
436 3376 496 3475 (l).
526 3377 690 3449 Forsitan
721 3375 828 3466 igitur
865 3376 911 3464 ei,
940 3376 1126 3451 interiecto
1149 3380 1290 3452 Britan-

278 3505 373 3592 nico,
395 3503 546 3576 consilia
566 3501 671 3592 quasi
693 3519 944 3573 consummare
964 3502 1151 3593 placuerit,
1170 3506 1291 3596 publi-

279 3649 361 3701 cum
390 3627 580 3721 spectanti.

328 3753 371 3826 lt
402 3754 543 3828 medius
575 3752 697 3842 lidius,
731 3751 785 3823 vel
817 3758 1088 3854 nostraaetate
1132 3755 1289 3826 maxime

309 4031 343 4095 (l)
358 4031 428 4083 Ana.
445 4029 511 4092 Xlll,
528 4031 568 4082 ll.

310 4123 344 4185 ti)
360 4120 421 4171 Tac.
438 4121 508 4170 Aron.
525 4118 592 4179 xiil,
609 4120 633 4171 ἒ.
