3080 4948
663 595 859 668 ..pp-

255 752 454 825 modiis-
486 767 567 840 quae
596 746 708 821 Graeci
741 745 885 839 quidem
912 757 1044 834 αδααααρα
1073 754 1202 822 vocant
1220 789 1262 800 -

255 876 352 948 baud
374 873 584 965 sotisprobo
604 873 1073 967 discriminodijndicantur.
1090 871 1267 959 Quoniam

255 1002 349 1073 enim
370 1000 459 1070 nihil
477 999 610 1072 bonum
628 1006 683 1071 est
706 1000 775 1072 nisi
793 1002 1001 1088 honestum,
1021 1000 1112 1071 nihil
1135 999 1268 1070 malum

253 1125 323 1197 nisi
340 1130 457 1216 turpe,
475 1142 623 1196 neccsse
644 1131 711 1213 esl,
730 1144 812 1216 quae
842 1127 1038 1218 supersint,
1061 1124 1269 1195 indideren-

254 1251 351 1323 tibus
367 1267 631 1322 annumerare:
655 1268 736 1339 qnae
755 1257 862 1342 prout
882 1252 934 1323 eis
964 1256 1075 1338 utere,
1098 1254 1160 1320 aut
1189 1266 1270 1338 pro-

255 1380 339 1446 sunt
354 1379 417 1446 aut
432 1379 575 1445 nocent.
597 1370 713 1464 Atque
728 1375 797 1446 buc
813 1375 1041 1467 peculiariter
1063 1372 1172 1445 Stoici
1197 1371 1270 1444 dis⁴

254 1505 339 1572 tant·
363 1517 398 1588 a,
422 1496 585 1588 Cynicis:
608 1517 739 1591 nempe
772 1500 836 1588 illi,
859 1518 939 1590 quae
970 1517 1036 1572 nec
1062 1496 1168 1573 bonis
1201 1514 1268 1580 nec

255 1624 360 1695 malis
399 1641 800 1714 annrrrrrur·m·e·queas,
841 1643 884 1696 ea
919 1628 1068 1698 censent
1108 1621 1267 1713 corporis

255 1747 439 1840 animique
480 1748 592 1820 nostri
629 1748 786 1819 naturali
814 1747 1020 1820 habitudini
1058 1747 1175 1818 lavere
1205 1752 1280 1822 aui

255 1879 378 1943 contra
394 1889 596 1963 repugnare
611 1889 735 1962 posse,
757 1872 911 1962 ideoque
940 1872 1051 1962 digna
1073 1890 1156 1944 esse
1184 1889 1267 1961 qum

254 1997 521 2088 requirasaul
558 2003 681 2068 ounlru
724 1997 897 2068 declines.
936 1996 1262 2080 verumenimvero,

255 2121 418 2212 quamvis
437 2139 509 2192 non
535 2139 600 2212 par
627 2121 673 2192 sii
701 2120 844 2210 divitem
875 2122 989 2194 virere
1018 2122 1173 2212 aliquem
1205 2126 1267 2206 aut

254 2265 464 2338 pauperem,
488 2264 661 2319 senumve
679 2251 741 2318 aut
760 2265 909 2336 aegrum,
933 2247 1032 2318 nullo
1052 2252 1172 2337 pacto,
1192 2264 1266 2316 na-

254 2376 343 2443 turae
373 2378 436 2443 aut
454 2371 606 2443 fortunae
627 2370 730 2442 dolos
751 2389 831 2442 cum
858 2373 953 2444 veris
980 2372 1101 2464 bonis,
1122 2371 1265 2442 virtuti-

253 2495 322 2567 bus
351 2495 486 2568 scilicet
518 2496 669 2587 conlerri
701 2515 809 2587 posse
834 2497 1011 2586 judicant.
1040 2496 1140 2568 Bono
1169 2497 1265 2568 enim

254 2620 524 2710 obstringimur,
541 2639 614 2692 non
628 2621 861 2711 delectamur,
878 2642 996 2712 neque
1019 2623 1155 2694 bonum
1175 2623 1267 2694 inter

253 2745 314 2834 illa
330 2763 412 2835 quae
429 2745 634 2836 deliguntur
649 2746 822 2818 collocare
832 2753 899 2834 esi,
917 2747 980 2819 sed
997 2747 1263 2838 imperatorium

253 2869 353 2955 dicas
368 2876 498 2941 esseet
517 2876 660 2960 propter
684 2871 801 2962 ipsum
833 2871 1001 2943 amabile.
1032 2872 1267 2944 Asseclantnr

254 2996 347 3067 enim
383 2995 533 3084 bonnm,
565 3003 737 3086 tanquam
768 3015 887 3086 regom
918 3015 1037 3083 suum,
1073 2995 1148 3084 illa,
1183 3015 1264 3087 quae

253 3117 364 3192 Graeci
386 3135 532 3194 ααθήααααα
552 3127 693 3209 vocant,
712 3127 848 3192 naturae
865 3121 1127 3208 convenientia,
1158 3129 1266 3211 atoue

253 3245 378 3316 ordine
399 3245 582 3318 deducunt
596 3253 702 3337 prout
717 3246 955 3334 aestimantur,
972 3247 1045 3318 sive
1067 3247 1265 3339 principem

254 3371 372 3442 locum
407 3370 594 3444 obtineant
622 3367 857 3466 (raepoappea),
892 3372 964 3444 sire
986 3371 1182 3444 secundum
1205 3380 1267 3446 ant

252 3496 393 3567 tertium
433 3504 495 3567 aut
530 3514 602 3567 non
631 3497 680 3567 ilo
702 3498 942 3588 propinquum
982 3493 1264 3595 (ααᾰααααααγμααα)

252 3620 316 3692 sed
344 3640 406 3691 rex
433 3621 491 3692 ille
525 3623 624 3692 solus
657 3621 804 3709 incedit,
836 3640 967 3711 nequo,
991 3641 1034 3694 ex
1064 3623 1141 3712 pari
1179 3625 1263 3695 vivit

251 3743 1259 3843 cumbisquaenoquebonisnequemalisunnumeresll).

282 4053 316 4118 (l)
338 4052 380 4104 cl.
396 4054 419 4104 l.
448 4053 536 4116 benis,
550 4053 665 4106 Histoire
679 4054 723 4106 des
745 4055 858 4108 llcdories
874 4059 897 4108 et
920 4057 964 4109 dar
978 4057 1048 4109 idios
1066 4059 1183 4110 morales
1196 4059 1265 4112 daos

252 4131 412 4198 inclinatio,
425 4133 480 4200 cl,
495 4147 521 4199 p.
536 4135 593 4195 all,
609 4148 649 4202 sq.
666 4135 759 4200 (Puris,
773 4137 880 4190 Tborin.
895 4137 921 4188 ἓ·
936 4137 980 4190 ed.
993 4139 1063 4203 ¹879)
