3080 4948
723 623 916 694 -36-

244 843 248 848 .
315 773 388 842 lam
403 773 534 858 colere,
563 773 700 842 mittam
715 773 824 843 etlam
839 771 1009 843 decorum
1029 790 1111 844 esse
1140 777 1176 842 et
1202 770 1323 861 magni

312 897 490 987 imprimis
510 897 622 968 animi
642 897 776 987 siquis
801 897 948 986 impune
976 895 1060 968 laedi
1093 915 1133 968 se
1165 897 1321 988 patiatur

309 1022 478 1114 princeps
504 1017 568 1116 (ll.
597 1021 637 1092 In
658 1021 818 1092 secundo
837 1027 957 1092 autem
976 1020 1111 1110 dialogi
1126 1020 1232 1108 libro,
1250 1018 1323 1092 ele-

309 1148 481 1220 mentiam
500 1147 603 1219 finire
633 1147 800 1234 instituit,
828 1152 1132 1238 atqueopponere
1168 1147 1321 1237 primum

308 1271 510 1344 crudelitati
527 1269 588 1366 (ἓ).

355 1396 407 1468 Ile
427 1397 559 1487 quibus
583 1414 680 1467 nuno
697 1395 842 1486 quidem
857 1414 987 1487 pauca.
1016 1394 1155 1467 Etenim
1173 1393 1261 1485 quid
1277 1393 1323 1466 sit

306 1523 497 1593 clementia
517 1521 707 1612 qualisque
726 1521 786 1608 sit,
814 1528 850 1592 et
876 1539 968 1611 quos
987 1520 1078 1592 lines
1098 1519 1245 1608 habeat,
1275 1517 1320 1590 ab

305 1647 385 1736 ipso
400 1644 539 1717 Seneca
558 1644 815 1736 paucisrerbls
840 1651 896 1716 est
922 1645 1137 1734 expositum.
1167 1641 1318 1732 Nempe,

305 1789 351 1843 ne
388 1790 462 1841 una
480 1771 595 1842 linitio
626 1770 822 1841 malorem
862 1767 1157 1859 comprehendat,
1187 1766 1321 1868 placuit

304 1895 337 1966 ei
355 1896 456 1985 plora
475 1913 688 1987 proponere,
717 1901 826 1984 atque
846 1895 896 1965 ita
929 1895 1055 1965 statuit
1088 1892 1315 1965 clementiam

303 2036 384 2088 esse
413 2017 688 2107 temperantiam
709 2016 821 2087 animi
836 2017 873 2086 in
902 2022 1080 2107 potestate
1103 2013 1314 2098 ulciscendi,

302 2142 357 2212 rel
385 2141 569 2213 lenitatem
608 2141 803 2232 superioris
843 2139 1016 2212 aduersus
1049 2140 1253 2212 interiorem
1280 2137 1317 2208 in

302 2265 564 2338 constituendis
581 2267 699 2356 poenls
731 2262 792 2360 (3).
820 2265 973 2355 Jamque
998 2266 1106 2336 aliam
1132 2263 1317 2356 usurparit

302 2409 411 2481 quam
437 2392 563 2463 afferre
590 2408 708 2481 operae
741 2392 894 2481 pretium
926 2395 1000 2462 est:
1034 2417 1052 2453 «ι
1076 2390 1153 2461 Dici
1182 2389 1317 2460 scilicet

300 2522 474 2607 potestat
499 2515 685 2587 inclinatio
716 2515 826 2585 animi
846 2514 893 2586 ad
925 2514 1110 2586 lenitatem
1144 2515 1181 2586 in
1206 2531 1314 2605 prena

300 2639 491 2729 exigenda.
525 2665 540 2704 ι
570 2638 639 2710 Sed
656 2640 873 2730 praecipuam
903 2640 1039 2711 hancce
1059 2637 1247 2731 proposuit
1264 2637 1314 2708 li-

299 2762 486 2852 nitlonem‚
524 2763 751 2835 clementiam
793 2782 874 2835 esse
916 2762 1211 2850 moderationem,
1239 2761 1313 2832 ali-

299 2887 386 2976 quid
408 2906 452 2959 es
471 2889 597 2960 merita
613 2905 655 2958 ac
678 2885 800 2960 debita
824 2906 933 2979 prena
952 2887 1191 2960 remittentem
1207 2884 1269 2982 (t).
1290 2913 1307 2949 o

298 3008 391 3095 Quid
435 3031 519 3102 ergo
564 3012 757 3104 opponitur
801 3012 1028 3084 clementiae?
1097 3010 1310 3096 Crudelitas,

297 3155 380 3227 quae
407 3137 497 3209 nihil
522 3137 621 3209 aliud
649 3143 705 3209 est
724 3157 832 3227 quam
861 3138 1030 3210 atrocitas
1056 3137 1093 3209 in
1121 3135 1310 3228 exigendis

296 3263 428 3353 poeuis

346 3386 435 3458 Hinc
452 3406 562 3458 unum
580 3387 655 3477 jam
677 3384 880 3479 excerpam*
900 3388 1123 3459 seueritatem
1151 3387 1310 3460 clemen-

300 3511 360 3582 tie
380 3512 582 3599 convenire,
604 3511 634 3582 si
650 3512 814 3601 sequaris
832 3511 984 3584 Neronis
1004 3513 1220 3585 ministrum.
1234 3512 1309 3584 Hoc

295 3635 463 3725 equidem
483 3636 636 3709 libenter
655 3635 841 3726 colligam:
881 3637 1012 3709 etenim
1033 3637 1082 3708 ita
1121 3636 1308 3710 censuisse

324 3892 359 3956 (ll
375 3891 411 3943 De
425 3893 500 3944 clem
517 3893 538 3955 l,
555 3894 595 3944 20.
611 3892 627 3943 9.
645 3895 672 3945 et
684 3893 711 3944 3.

323 3981 359 4043 (2)
377 3980 448 4032 ltin.
468 3981 501 4042 ll,
520 3984 571 4034 tet
586 3983 614 4036 t.

324 4071 358 4135 (3)
375 4069 443 4121 loia.
461 4070 493 4129 ll.
504 4070 530 4121 3.
548 4071 574 4124 l.

325 4160 358 4224 (t)
376 4156 446 4210 llio.
464 4158 498 4221 11,
514 4159 542 4209 3.
561 4159 585 4209 2.
