3062 4942
688 602 908 677 -106-

301 758 396 831 visse
412 757 527 830 dicam
549 752 611 852 (t).
641 755 853 846 ceteroquin
877 774 957 827 oum
974 755 1139 848 populari
1169 755 1311 828 civitate

304 883 434 978 pariter
449 889 557 972 atque
573 881 783 972 optimatum
797 881 984 951 dominatu
1000 879 1199 951 doctrinam
1215 880 1312 950 ittam

301 1008 511 1098 congruisse
537 1007 782 1096 iudicareest.
819 1003 983 1076 Attamen
1018 1005 1048 1076 si
1070 1023 1150 1076 vere
1191 1023 1315 1077 acces-

301 1133 436 1204 sissent
476 1130 522 1202 ad
555 1129 829 1220 rempublicam,
866 1128 1018 1201 decebat
1050 1126 1190 1200 Stoicos
1222 1148 1314 1219 quo-

302 1260 471 1345 cumque
497 1254 603 1326 modo
643 1255 761 1325 favere
795 1253 1044 1344 optimatibus,
1067 1253 1239 1343 quoniam
1271 1253 1314 1325 iis

300 1381 467 1454 homines
488 1380 525 1450 in
558 1379 741 1470 sapientes
768 1378 953 1450 aostuttos
991 1377 1205 1449 distribuere
1238 1378 1317 1469 pta-

301 1505 429 1602 cuerit.

350 1629 401 1701 Re
438 1647 520 1701 vera
561 1626 724 1718 quidem,
764 1645 836 1698 non
873 1628 916 1697 u.
955 1623 1120 1698 Aurelius
1159 1632 1314 1714 tanturn,
1407 1625 1413 1634 '

287 1753 466 1846 ¹quamuis
484 1753 675 1844 platonicae
694 1751 846 1823 civitatis
877 1752 1085 1822 memoriam
1115 1751 1314 1838 retinuerit,

302 1877 431 1951 sedet
470 1877 508 1948 L.
539 1874 712 1963 Annaeus,
747 1876 911 1965 quamvis
958 1874 1002 1947 rie
1036 1873 1170 1946 Catone
1206 1881 1314 1965 atque

301 2002 411 2074 Bruto
428 1998 475 2096 (1)
492 2002 602 2073 tibere
615 2000 842 2090 iudicaverit,
860 2019 940 2071 cum
961 1997 1087 2071 Stoicis
1112 2017 1313 2088 congruen-

301 2133 373 2198 tem
391 2126 607 2198 sententiam
621 2125 665 2196 de
682 2125 788 2195 unius
805 2124 954 2214 irnperio
971 2130 1055 2194 sunt
1070 2124 1235 2213 professi.
1251 2121 1313 2194 ltte

301 2252 396 2324 enim
415 2251 551 2322 nuttam
573 2249 710 2340 absque
728 2249 836 2320 unius
853 2250 930 2338 tege
961 2248 1099 2320 felicem
1131 2249 1316 2320 hominum

331 2518 368 2582 (1)
384 2517 407 2567 J.
423 2514 513 2575 Derris,
530 2512 644 2565 Histoire
658 2512 702 2562 ries
716 2510 785 2561 trices
800 2509 924 2572 moratos,
941 2513 958 2561 t.
974 2510 1007 2572 tt,
1023 2523 1048 2575 p.
1063 2511 1096 2561 oo
1110 2523 1152 2575 sq.
1162 2509 1241 2562 -01,
1256 2511 1319 2564 sen.

301 2595 349 2664 Ep.
364 2597 395 2646 73
405 2595 552 2659 (Immerito
562 2592 731 2658 pntiosopfros
746 2591 874 2642 seditiosa
890 2590 985 2641 mentis
999 2590 1109 2655 erpotis
1124 2591 1240 2642 «Errare
1256 2591 1319 2642 mitri

299 2677 426 2730 uidentur
447 2675 492 2741 qui
510 2674 662 2726 existimant
683 2672 860 2738 philosophiae
881 2670 994 2722 fideliter
1017 2670 1123 2724 deditos
1145 2675 1320 2724 contumaces

300 2771 363 2811 esse
377 2769 409 2808 ac
425 2754 606 2816 refractarios
624 2757 651 2804 et
671 2756 872 2816 contemptores
888 2751 1091 2816 magistratuum
1107 2763 1139 2803 ac
1155 2764 1248 2818 regum
1274 2765 1320 2804 eo-

300 2851 393 2892 rumve
408 2850 457 2902 per
471 2849 540 2901 quos
555 2835 661 2900 publica
682 2832 912 2884 adnrinistrantur.
929 2851 983 2876 ν-
997 2831 1075 2897 Atqui
1088 2831 1180 2883 videre
1192 2835 1234 2883 est
1248 2832 1319 2897 apud

300 2917 420 2972 Persium
435 2921 462 2968 01
475 2915 593 2967 Taciturn
607 2914 670 2979 quid
687 2915 822 2964 Caesarum
839 2912 957 2963 fautores
972 2912 1067 2964 Stoicrs
1077 2912 1248 2976 imputarent,
1262 2913 1318 2964 sive

301 2998 436 3051 «rabiosa
453 2996 558 3049 silentia
575 3016 587 3041 ν
607 2997 701 3059 (Pers,
718 2990 788 3053 Sat„
804 2993 848 3053 111,
865 2993 915 3053 81),
931 3005 980 3043 seu
1000 2991 1195 3044 contumaciam
1210 2996 1319 3045 senten-

300 3079 404 3139 tiarum,
430 3075 544 3144 rigidum
569 3088 601 3126 ac
628 3075 730 3126 tristem
755 3073 883 3133 natritum,
905 3071 949 3124 vel
972 3071 1080 3123 nomina
1101 3072 1185 3123 veteri
1210 3085 1319 3138 quoque

301 3157 454 3224 reipublicae
470 3157 572 3222 ingrata
589 3156 660 3218 (Tac.
674 3155 755 3214 Δανα,
772 3154 837 3215 xvi,
855 3153 905 3214 11).

332 3247 371 3299 Cf.
387 3246 466 3298 ettam
481 3245 564 3310 Epict.
581 3244 702 3304 Dissert,
716 3243 735 3304 1,
746 3243 772 3303 9,
784 3242 811 3291 21
826 3257 832 3292 :
849 3243 898 3296 Διὰ
911 3245 938 3294 τί
950 3244 1010 3304 τοὺς
1025 3239 1051 3294 ἐν
1068 3237 1178 3314 δυνάμει
1191 3246 1319 3316 τεταγμί-

300 3323 517 3390 ceucocroca..
536 3353 565 3361 -
583 3325 662 3385 1v‚7.
681 3325 689 3372 1
707 3337 748 3386 sq.
765 3321 994 3386 t3sq.⁶25sq.3t
1012 3321 1118 3386 sq.33:
1136 3314 1320 3379 Nat.'nii'ot

300 3409 373 3481 λόγοι
391 3405 462 3461 οὗτοι
479 3406 678 3480 καταρρονητίις
693 3408 798 3457 ποιοῦσι
814 3411 864 3456 τῶν
878 3405 971 3475 νόμων.
987 3405 1037 3455 Κα1
1052 3407 1123 3456 ποῖοι
1136 3401 1235 3474 μᾶλλον
1249 3402 1321 3476 λόγον

300 3490 465 3561 πειθορίνους
488 3490 637 3561 παρέχουσι
664 3491 719 3564 τοῖς
745 3486 831 3556 νόμοις
855 3485 914 3543 τοὺς
938 3485 1104 3556 χρωμένουςς
1124 3485 1209 3554 Νόμος
1225 3479 1244 3535 δ
1256 3475 1263 3500 ’
1277 3482 1322 3536 oria

302 3565 359 3623 ίστι
370 3569 405 3621 τὰ
419 3564 461 3621 tart
474 3573 559 3641 μωρῷ.
577 3593 607 3600 -
623 3563 672 3614 36:
701 3573 774 3618 Οπον
787 3566 907 3636 κρείττων
920 3558 943 3615 εἷ
955 3565 1000 3615 καί
1015 3561 1196 3637 ἰσχυρότερος,
1214 3560 1267 3616 lari
1281 3581 1322 3616 σοι

303 3645 443 3721 ίξίσταραι
460 3667 466 3680 ·
484 3644 547 3700 ὃπου
567 3645 647 3699 πάλιν
668 3643 716 3716 ἐγὼ
735 3647 867 3716 κρείττων.
888 3644 921 3695 σὺ
940 3647 1092 3716 παραχώρει
1111 3661 1156 3716 μοι
1172 3661 1179 3675 ·
1197 3643 1253 3715 iper
1271 3644 1321 3717 γὰρ

302 3727 441 3802 pepticas,
458 3731 499 3780 σοί
515 3719 583 3780 t'ot.

336 3826 425 3892 (11110
460 3825 540 3875 Bmto
574 3822 645 3888 apud
675 3823 711 3873 11.
744 3819 888 3882 auretium,
913 3820 975 3873 ride
1002 3823 1067 3894 Πρὸς
1094 3819 1207 3884 ἑαυτὸν,Ι
1230 3819 1250 3881 1,
1270 3819 1319 3872 tt:

304 3909 380 3980 Παρὰ
400 3910 446 3959 τοῦ
467 3900 579 3977 ἀδελφοῦ
599 3922 647 3976 μου
668 3907 843 3975 Σεουὴρου,...
867 3905 896 3954 τὸ
916 3893 961 3955 δι’
976 3899 1052 3954 αὐτὸν
1070 3907 1166 3973 γνῶναι
1184 3900 1317 3974 Θρασεάν,

300 3977 449 4049 Ἐλὸίδιον,
464 3985 584 4047 Κάτωνα,
601 3987 694 4045 Δίωνα,
710 3987 831 4056 Βροῦτον,
847 3985 891 4034 καὶ
911 3984 1056 4054 φαντασίαν
1078 3977 1168 4034 λαθεῖν
1187 3980 1318 4042 πολιτείας

305 4070 438 4139 ίσονόμου,
460 4065 529 4118 κατὰ
552 4063 662 4124 ἰσότητα
684 4067 728 4116 καί
755 4062 891 4134 ἰσηγορίαν
913 4059 1102 4133 διοικουμένης,
1115 4063 1159 4113 καί
1180 4056 1317 4132 peceatrice

303 4151 419 4221 τιμώσης
432 4146 536 4198 πάντων
550 4144 669 4219 μάλιστα
682 4149 730 4200 τὴν
746 4141 902 4213 ἐλευθερίαν.
