3062 4942
730 573 924 649 ..gq-

220 823 224 831 ,
323 731 407 824 suit,
442 731 492 813 ita
523 729 699 804 leritatem
730 729 829 804 bauo
864 729 1042 802 immerito
1069 729 1206 801 vocavit
1239 726 1334 822 apuu

216 939 220 948 ι
321 862 506 948 tyrannos,
535 855 668 948 quippe
705 854 781 944 qui,
810 872 882 924 nou
902 853 939 928 in
977 852 1165 942 exigendis
1195 859 1332 932 tantum

320 981 453 1073 poeuis,
481 978 546 1052 sed
573 979 769 1073 piratarum
806 996 903 1050 more
923 973 971 1072 (ll
1000 978 1175 1050 saevitiam
1196 997 1260 1069 pro
1280 995 1335 1049 ro·

319 1106 455 1197 luptate
488 1105 659 1184 habeant.
706 1103 945 1195 Inspiciamus
980 1103 1101 1192 igitur,
1130 1103 1168 1174 L.
1197 1100 1332 1177 laneo

324 1230 428 1322 duce,
450 1230 614 1310 morbum
633 1229 733 1304 illum
750 1247 821 1318 quo
840 1246 912 1299 oon
933 1226 1101 1300 Patribus
1119 1233 1336 1302 tantummo-

319 1357 364 1436 do
380 1355 635 1446 equitibusque
657 1361 691 1428 el
706 1355 849 1428 lociana
884 1358 946 1424 aut
972 1353 1117 1426 dotibus
1145 1353 1227 1425 aliis
1247 1353 1334 1430 iusi-

319 1481 381 1568 nni
396 1481 526 1577 cuique
541 1480 665 1552 Romae
682 1479 853 1551 damnum
875 1479 1025 1550 allatum
1058 1479 1181 1565 luisse,
1213 1477 1277 1555 sed
1301 1482 1334 1556 et

321 1605 499 1678 Tiberium
534 1581 798 1693 senescentem,
820 1601 857 1675 C.
879 1601 1058 1675 Caesarem
1097 1609 1132 1678 et
1158 1602 1331 1684 Neronem

319 1730 410 1802 adeo
429 1729 650 1803 laboravisse
666 1735 844 1801 tenemus.

366 2507 501 2602 Nempe
517 2508 615 2580 dirus
635 2509 856 2582 illemorhus
888 2509 1034 2582 insania
1066 2517 1134 2600 est,
1162 2529 1231 2586 nec
1256 2511 1329 2602 iam

318 2632 386 2726 ira,
404 2632 509 2706 modo
520 2633 692 2726 respicias
708 2631 745 2707 C.
760 2632 912 2706 Caesaris
929 2640 1032 2724 gesta
1050 2634 1230 2726 dictaque.
1241 2634 1333 2708 Deli«

318 2759 411 2832 riom
428 2777 571 2854 quoque
588 2757 701 2848 dicas,
732 2759 839 2849 qualo
858 2759 1143 2835 animadvertere
1163 2766 1219 2833 est
1236 2759 1331 2852 apuu

321 2904 384 2957 eos
406 2883 468 2980 qui
484 2881 671 2956 altissimae
693 2883 844 2956 lortooae
861 2902 924 2974 spe
939 2884 1050 2960 nimia
1070 2903 1113 2956 ac
1145 2883 1325 2974 diuturna.

317 3011 475 3082 lructuve
513 3006 715 3082 divitiarum
753 3006 946 3084 immodico
999 3009 1104 3100 quasi
1151 3010 1329 3101 profligati

317 3128 525 3228 peuerell).
546 3130 739 3204 Turbatam
769 3133 864 3204 euim
881 3134 979 3206 illam
1009 3131 1046 3206 C.
1067 3131 1220 3222 Caesaris
1236 3154 1332 3208 men-

316 3266 388 3337 tem
409 3264 629 3350 compertum
648 3262 704 3330 est
731 3251 845 3350 ipsius
866 3257 1005 3349 imperii
1033 3259 1127 3332 mole
1154 3261 1328 3334 corruisse

317 3383 497 3471 obrutam,
512 3382 769 3460 auxiliantibus
784 3381 940 3454 deliciis:
963 3383 1097 3474 quippe
1113 3383 1174 3477 qui
1185 3383 1328 3458 deorum

317 3507 532 3588 affectaverit
548 3507 703 3582 bonores
723 3507 864 3598 sibique
897 3506 1128 3586 vindicaverit
1161 3507 1327 3584 dentibus

347 3845 383 3909 (l)
401 3844 540 3908 liaciano..
555 3845 587 3906 ll,
604 3847 629 3897 l.
649 3846 672 3895 l.

347 3943 381 4006 lit
399 3944 482 4007 suet..
497 3943 593 4009 calip..
609 3943 659 3994 292
686 3960 696 3990 ι
713 3941 948 4022 liemculoomnia
958 3942 1022 3998 mibi
1037 3944 1065 3998 et
1080 3941 1107 4000 ia
1117 3943 1325 4002 omnesliocren

345 4023 383 4075 Gi.
400 4023 454 4075 Tac
488 4023 563 4086 ursa,
582 4025 612 4088 ll,
629 4023 679 4074 38:
715 4040 727 4069 ι
744 4023 826 4074 Vetus
842 4035 873 4074 ao
885 4021 1047 4087 jampridem
1068 4021 1146 4077 insila
1171 4022 1324 4082 mortalibus

312 4102 442 4169 potentie
467 4102 566 4169 cupido
582 4115 642 4156 cum
660 4100 763 4168 imperii
780 4101 963 4169 magnitudine
992 4102 1110 4166 aduleqit
1130 4101 1310 4180 erupitque.r
