3080 4948
649 610 844 682 ..79-

238 765 370 858 paenis,
393 763 593 836 clementiae
612 762 804 852 apponitur
821 760 895 858 (i):
919 764 1113 837 crudelitas
1130 770 1250 837 autem

239 891 276 963 in
305 899 455 982 tyranno
476 889 598 961 feritas
625 895 782 960 vacatur.
814 885 920 979 Atqrri
949 889 1155 991 diligentius
1175 891 1252 961 rci-

239 1016 333 1087 venti
364 1015 406 1086 de
434 1015 615 1085 clementie
641 1013 751 1084 libras
779 1014 931 1086 nccnrrit
965 986 1138 1104 tyrannus
1174 1033 1248 1086 non

239 1141 397 1230 imagine
431 1145 570 1210 tantum
602 1137 706 1228 quasi
737 1138 913 1211 rhetorice
946 1137 1163 1230 descriptus,
1186 1138 1250 1211 sed

161 1241 166 1248 ⁸
240 1265 347 1336 etiam
367 1264 632 1355 philosophica,
655 1271 693 1336 ut
728 1264 779 1336 ita
801 1263 932 1349 dicam,
955 1270 989 1336 et
1022 1264 1136 1354 ipsius
1168 1263 1253 1336 Pla

240 1390 336 1461 tonis
365 1389 554 1461 sententiae
581 1389 698 1459 vicina
728 1388 889 1460 finitione
917 1388 1141 1477 designatus.
1176 1387 1254 1474 Qua

240 1515 388 1590 emissa.
402 1532 479 1584 *nun
498 1514 606 1604 piane
621 1514 803 1603 inteiligas
822 1514 928 1602 quate
963 1514 1095 1586 Neroni
1114 1512 1253 1586 Seneca

239 1637 412 1730 principis
432 1637 526 1728 aequi
542 1656 584 1708 ac
600 1637 695 1709 mitis
713 1638 938 1728 proposuerit
957 1639 1154 1730 exemplar.

287 2371 406 2443 Primo
426 2369 520 2442 enim
538 2369 725 2460 adspecta,
745 2375 862 2440 utrum
882 2370 1001 2460 patius
1032 2371 1165 2442 scribat
1198 2378 1253 2462 ty-

239 2515 436 2568 rannumre
457 2514 502 2566 an
518 2514 652 2585 regem,
670 2513 794 2584 parum
816 2493 953 2566 Seneca
967 2515 1090 2567 curare
1102 2495 1254 2580 videtur.

239 2621 375 2713 Nempe
396 2620 574 2692 interdum
597 2626 631 2691 ct
667 2620 704 2690 in
740 2638 840 2709 reges
868 2620 1060 2709 invehitur,
1100 2624 1162 2693 aut
1183 2621 1257 2692 sai-

242 2752 309 2817 tem
346 2764 408 2818 ecs
442 2745 567 2836 carpit.
597 2742 830 2816 Clementiam
860 2743 1020 2833 quidem,
1063 2745 1098 2815 in
1129 2765 1257 2835 quam-

244 2888 397 2961 cumque
417 2869 561 2940 dcmum
578 2869 791 2959 pervenerit,
814 2868 1081 2959 suspicitatque
1094 2869 1255 2941 admira-

245 3003 316 3066 tur:
352 3021 368 3058 «
396 2993 464 3066 Sed
486 2995 520 3064 in
543 2995 655 3082 regia,
678 3011 748 3082 quc
764 2994 876 3063 rarior
899 2995 957 3080 sit,
987 3014 1029 3066 ec
1060 2995 1258 3066 mirabilio-

245 3138 318 3192 rem
347 3146 363 3182 »
389 3114 436 3213 (ἓ)
464 3137 545 3190 esse
571 3117 769 3214 pcptitetur.
798 3114 890 3201 Quin
909 3117 1022 3190 deira
1042 3120 1256 3191 scribentem

246 3243 511 3316 animadvertas
528 3250 563 3316 et
582 3263 685 3334 reges
705 3239 766 3339 (3),
797 3250 832 3315 et
866 3244 1099 3334 magistratus
1130 3244 1258 3316 vellere

245 3367 392 3455 cursim,
421 3373 456 3439 et
472 3368 613 3441 nabiles
634 3365 694 3463 (la).
725 3367 796 3439 Sed
816 3375 854 3439 ut
870 3369 1107 3440 declamanda
1127 3369 1260 3440 scium—

246 3492 353 3564 mado
393 3511 489 3564 nunc
524 3512 776 3578 memoremus,
807 3500 956 3583 utruque
991 3500 1123 3566 temere
1152 3495 1259 3567 verba

247 3634 403 3708 regeque
419 3636 461 3688 ac
479 3617 637 3708 principe
652 3618 864 3709 pierumque
880 3637 968 3689 usus
984 3624 1051 3706 est,
1066 3619 1175 3690 immo
1188 3618 1256 3688 im·
1351 3711 1355 3721 Ι

279 3881 312 3946 (i)
330 3879 371 3932 Gi.
391 3878 527 3941 deciam„
546 3880 579 3942 ΙΙ,
596 3881 624 3930 Δ.
645 3880 672 3930 i.
704 3903 707 3910 Δ

279 3970 316 4035 (Ξ)
335 3969 369 4021 iic
383 3969 476 4033 clean„
494 3969 516 4032 Ι,
530 3970 559 4020 a.
577 3972 602 4020 4.

281 4057 985 4124 mmmmmmmummmm

280 4133 315 4213 (d)
333 4147 431 4209 deira,
448 4147 481 4212 ΙΙ,
497 4147 537 4200 ii.
555 4149 582 4200 7.
