3062 4942
652 588 872 688 froc-

249 745 359 815 tantis
379 744 511 831 Livius,
534 741 661 830 Pollio,
683 741 864 813 Fabianus
881 737 927 835 (Ι)
951 741 1131 812 senserint
1157 741 1261 830 igno-

250 889 395 953 ramus;
424 867 511 960 quid
526 875 644 940 autem
662 867 822 939 docuerit
837 866 1018 958 Epictetus
1034 861 1100 960 (Ι),
1132 885 1254 957 super-
1314 861 1316 866 ’

251 995 360 1068 sedeo
380 994 518 1068 sedere.
551 992 654 1078 Quod
688 992 735 1064 ad
764 990 938 1064 Senecam
968 991 1108 1079 attinet,
1141 991 1261 1062 muitis

250 1120 337 1193 locis
353 1120 414 1192 ubi
434 1117 631 1192 Stoicorum
654 1117 698 1190 de
713 1117 880 1189 universe
895 1116 1035 1188 ciuitate
1058 1115 1258 1188 doctrinam

249 1244 393 1336 respicit
420 1243 537 1333 magis
559 1261 668 1333 quam
703 1241 869 1333 explicat,
900 1240 1167 1332 pretermissis,
1189 1240 1261 1311 hoc

249 1389 359 1442 unum
402 1368 648 1442 animadverto
691 1367 827 1438 nuliam
860 1365 939 1456 eius
970 1365 1186 1437 mentionem
1221 1364 1258 1436 in

249 1493 349 1566 libris
370 1493 414 1566 de
430 1492 620 1565 clementia
640 1511 721 1564 esse
749 1491 879 1564 iactam
895 1485 955 1586 (3).

296 1617 619 1710 indepraecipuum
646 1616 853 1688 interiilum
884 1621 918 1687 et
949 1612 1167 1686 Antoninum
1191 1614 1262 1686 dis-

248 1743 382 1814 crimen
398 1760 441 1813 ex
461 1760 532 1831 quo
547 1741 619 1813 iere
641 1758 766 1813 omnes
781 1745 907 1812 ceterae
927 1737 971 1810 de
987 1738 1150 1812 doctrina
1170 1739 1251 1811 dis-

248 1865 442 1957 crepantiae
463 1866 637 1937 oriuntur.

288 1979 432 2082 ¹Nempe
457 1990 540 2062 dum
562 1988 700 2062 Seneca
716 1989 752 2060 in
775 1996 953 2080 potestate
981 1989 1131 2061 immani
1160 1990 1260 2082 prin-

247 2116 336 2207 cipis
368 2115 579 2187 immoratur
607 2133 760 2204 eamque
792 2115 899 2186 etiam
930 2120 1039 2206 auget
1069 2115 1187 2188 verbis
1225 2119 1261 2186 et

247 2240 457 2331 amplificat,
488 2245 523 2312 et
542 2258 795 2331 proconcesso
824 2240 933 2312 habet
965 2260 1038 2313 non
1062 2241 1169 2313 modo
1203 2259 1253 2326 re,

247 2365 432 2438 sedetiam
459 2364 538 2454 jure
558 2365 609 2436 iiii
631 2365 752 2436 omnia
772 2364 892 2452 licere,
912 2384 1026 2455 usque
1046 2365 1194 2437 recurrit
1221 2364 1257 2435 in

246 2490 298 2588 M,
337 2487 469 2562 Aurelii
512 2489 712 2580 soliloquiis
759 2489 888 2561 divine
940 2491 1090 2562 ciuitatis
1124 2490 1256 2580 imago,

276 2799 311 2861 ΙΙ)
329 2797 370 2850 Gi.
399 2798 463 2851 Seu.
483 2798 533 2863 up.
556 2800 620 2860 Ιθθ;
646 2799 771 2852 Controo.
795 2800 827 2861 u,
854 2801 887 2850 9:
914 2799 1008 2865 Papirii
1033 2798 1140 2851 Fabiani
1157 2817 1167 2846 ι
1186 2800 1256 2851 Ecce

243 2878 364 2931 instructi
394 2879 569 2932 exercitus...
598 2879 661 2942 Quae
690 2892 771 2931 causa
802 2879 938 2933 hominem
962 2879 1093 2932 adversus
1121 2879 1256 2932 homiuem

244 2957 269 3008 in
290 2958 394 3011 facinus
414 2959 520 3026 coegit?
542 2973 604 3011 nam
629 2971 716 3024 necue
738 2959 802 3012 ieris
823 2959 893 3011 inter
916 2973 946 3012 se
970 2960 1208 3022 terremotum,
1235 2959 1258 3010 si

243 3039 339 3101 forent,
361 3039 456 3091 eadem
482 3039 618 3091 hominem
642 3038 766 3100 deceant,
791 3039 922 3105 placidum
938 3041 1142 3106 proximumque
1168 3039 1257 3092 diuino

240 3139 338 3191 genus.
365 3127 429 3189 Quae
453 3129 525 3179 tanta
553 3140 603 3180 vos
627 3127 678 3179 sert
707 3128 755 3189 ira,
779 3142 838 3180 cum
870 3141 923 3180 una
954 3128 1044 3194 stirps,
1074 3128 1254 3192 ejusdemque

240 3207 467 3275 sanguinisjsitis:
484 3208 611 3274 veifquae
631 3207 705 3260 iuriae
733 3207 759 3259 in
788 3213 908 3260 mutuum
938 3209 1096 3276 sanguinem
1123 3207 1254 3276 egeret»

242 3315 272 3324 -
290 3308 302 3334 a
319 3288 499 3354 cognatorum
518 3306 528 3334 ι
547 3288 638 3351 (ibid).

273 3386 308 3451 (t)
323 3386 388 3439 Vide
399 3385 516 3453 effigiem
527 3387 615 3453 Cynici
629 3386 656 3438 in
673 3386 916 3450 montaneorum,
931 3387 974 3448 ΙΙΙ,
992 3387 1035 3439 ΙΙ.

274 3486 308 3550 (3)
326 3487 434 3538 Huncce
449 3489 539 3538 eutem
554 3485 781 3552 locumcdiatogo
796 3486 827 3538 de
838 3487 882 3538 iro
898 3491 1054 3552 excerptum
1070 3487 1164 3539 iterum
1176 3490 1256 3552 atoue

243 3566 337 3618 iterum
354 3578 506 3619 memorare
523 3567 652 3631 expedit:
669 3585 678 3612 ι
697 3567 778 3618 Notas
801 3571 843 3619 est
867 3579 967 3619 nocere
995 3567 1106 3633 patriae:
1126 3579 1191 3633 ergo
1207 3567 1257 3619 ciri

242 3658 357 3710 quoque.
367 3660 428 3698 narn
443 3646 486 3699 hic
500 3660 562 3712 pars
578 3647 670 3712 patriae
686 3651 739 3698 cst.
756 3647 861 3700 Sanctae
874 3651 964 3713 partes
979 3651 1050 3710 sunt,
1067 3647 1089 3698 si
1102 3649 1256 3700 universnm

240 3725 394 3778 uenerabile
406 3730 456 3778 est.
474 3728 542 3792 Ergo
558 3731 584 3778 ot
596 3726 709 3789 homiui,
729 3741 790 3778 nam
808 3727 850 3779 hic
867 3728 893 3778 in
915 3728 1016 3792 majore
1041 3728 1086 3779 tihi
1111 3728 1178 3780 urbe
1192 3727 1256 3780 civis

242 3808 326 3858 est...
352 3805 479 3857 Homines
493 3806 604 3872 singulis
620 3810 744 3872 parcent,
760 3807 821 3872 quia
843 3807 876 3858 ad
904 3813 1003 3859 coetum
1026 3809 1108 3872 geniti
1139 3811 1213 3860 sunt.
1236 3827 1248 3852 ι»

243 3885 285 3947 (ΙΙ,
300 3887 342 3936 31.
355 3887 438 3950 Ι.).-
454 3885 492 3937 Gi.
504 3885 535 3937 de
550 3886 644 3952 benet,
657 3888 790 3949 iv,18.t:
809 3907 821 3932 α
837 3887 970 3939 Unitatem
987 3889 1094 3954 generis
1107 3889 1226 3941 humani.
1242 3909 1255 3934 ι

273 3965 307 4016 lte
321 3964 411 4028 ciem„
430 3966 449 4028 Ι,
466 3967 490 4017 3.
526 3968 556 4016 2:
590 3987 602 4011 ιι
620 3967 692 4018 inter
711 3979 771 4028 nos,
794 3965 839 4032 qui
865 3967 1002 4020 homiuem
1022 3968 1122 4021 sociale
1148 3969 1255 4031 animai,

242 4044 377 4099 communi
394 4044 466 4097 bono
480 4044 609 4110 genitum,
622 4045 706 4098 rideri
723 4045 845 4098 volumus
864 4065 889 4098 ι.
902 4074 932 4084 -
957 4047 989 4108 ΙΙ,
1004 4047 1028 4100 6.
1053 4048 1083 4098 3:
1102 4067 1112 4094 ι
1131 4049 1160 4100 ln
1183 4061 1256 4102 eom-

240 4137 322 4178 mune
337 4123 461 4177 auuiiium
477 4128 555 4177 uatus
566 4138 598 4177 ec
613 4125 715 4177 bouum
730 4125 866 4190 pubiicum
887 4146 907 4176 u.
