3080 4948
737 608 932 681 ..66-

327 761 396 832 hoc
423 759 583 833 aemulari
615 758 730 832 decet.
753 759 949 831 maximnm
971 759 1020 830 ila
1040 758 1181 845 haheri,
1199 765 1237 856 nt
1252 758 1337 848 opli-

328 905 408 986 mos
429 881 479 979 (l)
495 885 601 957 simol
619 885 789 956 habeare.
816 910 831 946 »
863 881 923 980 (h).

375 1009 420 1082 Ut
436 1010 543 1100 igilur
558 1009 603 1082 de
631 1010 701 1082 hac
729 1028 767 1080 re
788 1007 926 1081 Seneca
956 1009 1048 1082 adeo
1071 1012 1338 1099 perseveranter

326 1133 541 1207 sententiam
559 1133 692 1225 profert
720 1139 828 1223 atque
848 1132 892 1204 de
922 1132 991 1204 diis
1019 1132 1163 1222 vulgato
1197 1130 1336 1203 dicendi

324 1277 455 1348 genere
477 1259 600 1346 utitor,
639 1259 691 1330 sic
731 1257 850 1329 licebit
869 1256 982 1331 nohis
1016 1257 1230 1329 sententiam
1260 1256 1337 1345 ejus

324 1385 431 1455 allius
458 1384 704 1474 introspicere,
735 1383 1046 1473 quotiescumque,
1076 1401 1118 1453 ex
1137 1381 1254 1453 verbis
1281 1382 1336 1472 ip-

324 1509 388 1596 sis,
417 1509 703 1600 philosophicam
742 1507 883 1579 dicendi
909 1508 1085 1578 rationem
1122 1514 1183 1576 aot
1210 1505 1335 1577 elicere

325 1635 440 1718 lacile,
459 1640 520 1704 aot
541 1633 764 1724 interpretari
787 1632 964 1723 expediet.
977 1631 1090 1702 lmmo
1106 1631 1337 1720 quemadmo-

323 1759 407 1830 dum
429 1759 561 1849 ipsein
584 1757 831 1844 Qrcaeslloaihns
851 1757 1068 1827 notarollhos
1090 1764 1204 1828 semet
1232 1757 1338 1826 inter-

323 1891 442 1972 rogat:
480 1911 495 1945 «
524 1881 617 1967 Qnid
651 1889 706 1954 est
737 1882 858 1953 Deos?
897 1911 910 1942 l
947 1887 982 1953 et
1022 1882 1098 1971 ipse
1141 1879 1336 1971 respondet

324 2010 431 2079 llenm
465 2028 546 2080 esse
573 2035 589 2071 n
618 2013 770 2079 mentem
806 2007 959 2078 universi
983 2035 999 2069 »
1033 2003 1080 2101 (3)
1101 2045 1146 2056 -
1167 2025 1212 2076 an
1234 2005 1336 2095 qais-

323 2152 429 2223 quam
457 2134 662 2224 opinabitur
683 2131 871 2216 Senecam,
904 2132 1102 2226 prasertim
1124 2133 1237 2202 stoica
1257 2149 1337 2222 pro-

321 2257 472 2345 fessam,
495 2257 580 2347 qnid
603 2257 646 2328 de
674 2257 904 2348 imperatorio
926 2275 1073 2328 monere
1095 2261 1202 2346 atque
1219 2254 1335 2326 olsrcio

323 2383 457 2453 sentiat
477 2383 512 2452 in
531 2382 674 2471 dialogo
695 2382 887 2471 explicare,
910 2400 982 2451 non
1005 2386 1125 2452 arilern
1158 2379 1336 2452 recordari

321 2507 431 2579 totins
458 2506 586 2578 Stoicae
629 2506 799 2578 doctrinae
830 2525 1023 2593 snrnmam,
1055 2510 1117 2575 aul
1142 2505 1335 2595 imperato-

322 2649 395 2702 rem
432 2650 512 2703 cnm
548 2631 622 2702 [leo
660 2648 880 2721 comparare,
925 2649 998 2701 non
1042 2636 1161 2701 antem
1210 2647 1335 2700 curare

322 2753 518 2826 Stoicorum
546 2755 679 2846 placita
707 2753 752 2826 de
785 2754 858 2826 lleo
879 2753 1053 2826 mnndom
1076 2752 1334 2842 gobernanle‘l

321 2878 502 2969 Nnmqoid
512 2879 703 2952 verisimile
719 2886 774 2951 est
788 2879 902 2965 hiare,
919 2885 957 2950 ul
972 2879 1019 2950 ita
1036 2879 1167 2966 dicam,
1188 2877 1334 2949 Senecae
1355 2937 1356 2942 Ν

322 3004 535 3091 orationem,
558 3004 668 3075 immo
690 3004 942 3077 sententiam?

353 3472 387 3536 (l)
405 3472 512 3524 Scilicet
527 3493 539 3517 κ
556 3473 659 3538 Jupiter
679 3473 811 3526 maximus
827 3473 944 3541 optimus
960 3489 989 3535 ι;
1005 3475 1039 3526 cl.
1059 3476 1084 3525 J.
1116 3475 1142 3526 J.
1169 3477 1333 3527 commenta-

319 3552 387 3604 rium
403 3552 429 3603 in
444 3551 615 3604 Prolessione
632 3551 694 3604 hdei
713 3553 891 3606 sabaudensis
905 3554 1013 3606 Vicani:
1040 3555 1146 3617 «Quand
1161 3555 1200 3607 les
1222 3554 1332 3606 enciens

318 3632 471 3698 appelaiont
485 3633 602 3698 optimus
612 3634 749 3684 mocimus
764 3634 788 3686 le
799 3634 863 3686 llieu
879 3636 1016 3700 supremo,
1031 3635 1062 3687 ils
1073 3635 1188 3687 disaient
1199 3635 1329 3687 tresvrai:

319 3712 386 3764 mais
402 3725 436 3764 en
451 3711 540 3764 disant
554 3714 689 3764 nrocimua
710 3713 837 3779 optimas,
858 3714 890 3765 ils
914 3717 1038 3767 auraiont
1056 3716 1129 3781 parle
1154 3716 1215 3781 plus
1229 3719 1331 3768 exacte·

318 3794 394 3842 ment
411 3791 525 3858 puisque
543 3805 573 3843 sa
589 3792 671 3844 hontt
693 3792 765 3845 vient
787 3792 821 3844 de
845 3805 875 3844 sa
891 3793 1050 3858 puissance:
1074 3794 1090 3844 il
1110 3796 1151 3847 esl
1175 3794 1230 3846 hon
1249 3806 1330 3861 parco

319 3872 380 3936 qu’il
401 3876 445 3924 est
466 3873 562 3939 grand.
587 3893 599 3918 a
621 3861 729 3938 (dircite,
756 3874 803 3925 lin.
826 3875 867 3937 lv,
890 3888 919 3940 p.
942 3875 999 3935 ί253,
1020 3879 1040 3926 t.
1064 3876 1097 3938 ll,
1119 3875 1163 3927 td.
1190 3875 1329 3935 llachette‚

319 3952 405 4013 rara.)

351 4042 386 4102 (2)
405 4039 439 4091 lle
453 4041 545 4104 clena,
561 4042 580 4104 l,
599 4043 635 4094 lll.
651 4043 677 4094 9.

350 4130 382 4193 (3)
399 4128 487 4191 Proh,
504 4131 544 4184 l3.
564 4155 596 4169 -
609 4131 650 4183 cl.
669 4132 700 4183 G.
718 4131 844 4195 Boissier,
860 4131 943 4198 lletlp.
963 4146 1048 4204 rom„
1064 4137 1084 4188 l.
1103 4135 1134 4208 ll,
1152 4148 1181 4201 p.
1205 4135 1247 4202 65.
