3080 4948
341 1291 447 1381 Atqui
476 1296 651 1380 quantum
676 1309 698 1360 a
725 1288 890 1360 rationali
926 1290 1052 1362 habitu
1068 1290 1180 1362 animi
1197 1291 1304 1362 distet

291 1415 381 1488 illud
405 1416 542 1503 vitium,
576 1413 674 1486 lraud
705 1433 763 1486 res
794 1421 849 1485 est
878 1417 999 1505 magni
1027 1415 1162 1487 laboris
1178 1416 1308 1487 intelli-

293 1559 391 1632 gere,
406 1540 513 1612 modu
528 1545 839 1630 teneasguautum
853 1539 1099 1630 dideratapud
1115 1539 1304 1629 Senecam,

294 1685 375 1738 cum
405 1664 444 1736 in
477 1664 605 1736 ceteris
625 1664 794 1753 dialogis,
815 1671 891 1735 tum
912 1664 950 1735 in
966 1672 1090 1737 nostro
1105 1665 1148 1737 dc
1164 1667 1307 1738 clemen-

296 1791 359 1877 ttu,
389 1790 482 1860 inter
505 1788 617 1859 animi
653 1794 783 1860 motum
815 1807 923 1878 quem
955 1790 1076 1881 potius
1109 1791 1306 1882 appetitum

295 1915 424 2005 gallice
450 1931 634 2001 nocemus,
662 1920 697 1985 et
716 1915 876 2004 affectum
894 1920 1019 1987 contra
1038 1915 1112 1988 sire
1132 1917 1307 2006 impetum.

296 2039 400 2111 Hanc
418 2039 512 2110 enim
530 2037 728 2110 doctrinam
745 2039 890 2128 expedit
907 2040 946 2111 in
971 2047 1138 2131 promptu
1171 2041 1306 2112 habere

297 2170 337 2234 ut
373 2162 685 2234 ratiocinationem
723 2163 838 2250 illam,
879 2182 952 2255 qua
993 2163 1160 2255 dialogus
1202 2165 1309 2237 tinem

298 2289 422 2376 lrabet,
457 2286 718 2377 intelligamus

349 2411 438 2499 Quae
452 2417 573 2484 *antem
590 2412 696 2484 luerit
710 2412 807 2503 apud
823 2412 997 2486 Senecam
1027 2416 1107 2488 lraec
1122 2417 1168 2491 de
1197 2420 1311 2510 primo

300 2537 411 2610 animi
427 2544 524 2610 motu
546 2537 619 2609 sire
649 2539 822 2629 appetitu,
841 2545 876 2610 et
905 2538 949 2612 de
978 2541 1107 2613 aflectu
1137 2543 1310 2631 doctrina,

300 2681 373 2736 non
397 2680 657 2754 supervacuum
674 2662 813 2734 ridetur
831 2663 1023 2738 disserere.

350 2787 408 2860 Sic
444 2786 551 2876 igitur
591 2805 671 2858 eam
712 2787 941 2878 complectar.
983 2789 1175 2881 Nunquam
1216 2795 1310 2865 enim

301 2911 455 3004 impetus
471 2911 549 2984 sine
564 2929 717 2983 assensu
735 2913 864 2984 mentis
883 2919 938 2986 est
953 2911 1025 3007 (t):
1061 2915 1147 2988 inde
1161 2922 1312 2990 stoicum

300 3035 458 3129 prolecto
486 3035 701 3127 principium
733 3038 830 3127 capit
876 3036 916 3109 L.
946 3037 1119 3128 Annaeus,
1153 3061 1234 3114 cum
1269 3043 1313 3115 de

300 3159 505 3249 clementia,
560 3166 634 3233 tum
686 3159 731 3234 de
773 3161 943 3235 omnibus
980 3165 1173 3239 virtutibus
1222 3187 1314 3258 quas

301 3285 513 3376 impeturn,
531 3283 604 3356 sive
621 3283 828 3373 affectuum,
848 3287 919 3358 rim
936 3287 1039 3361 decet
1066 3309 1144 3363 ase
1172 3292 1317 3385 propul-

302 3425 396 3482 sare.
414 3405 570 3480 dilectus
603 3413 722 3481 autem
754 3417 838 3482 sunt
858 3417 977 3484 motus
1005 3414 1116 3485 animi
1136 3415 1316 3506 improba-

302 3533 407 3622 biles,
425 3531 533 3606 subiti
544 3537 579 3604 et
593 3533 775 3621 concitati,
789 3536 850 3625 qui
867 3535 1073 3628 trequentes
1088 3541 1315 3632 neglectique

303 3657 417 3730 iecore
434 3655 610 3745 morbum,
631 3655 723 3728 sicut
744 3656 930 3734 distillatio
952 3682 1025 3734 una
1039 3681 1106 3736 nec
1138 3666 1260 3739 adhuc
1279 3668 1315 3739 in

304 3798 438 3855 morem
457 3779 612 3853 adducta
626 3781 753 3853 tussim
774 3783 921 3875 incitet
954 3797 1055 3861 vetus
1070 3791 1232 3881 phthisin
1248 3790 1295 3888 (2)

338 4039 373 4100 <u
392 4035 488 4100 notra,
504 4037 535 4100 u,
550 4038 575 4090 a.
590 4039 615 4090 r.

337 4125 371 4190 (s)
385 4123 444 4192 cp,
458 4127 498 4188 ru,
517 4125 555 4177 rs.
