3062 4942
745 641 939 720 -80-

336 811 498 895 peratore
515 801 575 898 (t).
605 804 786 876 Interdum
808 803 915 873 etiam
937 821 1055 890 regem
1077 800 1126 870 ita
1157 799 1343 889 scripsisse

334 927 473 1000 ridetur
489 934 527 1000 ut
546 930 740 1020 prinoipem
775 928 922 998 circuitu
952 925 1107 1015 quodam
1141 923 1248 1009 dicat,
1278 923 1344 993 Ne-

333 1071 529 1143 ronemque
560 1053 754 1125 admonent
781 1049 841 1146 (b).
871 1051 1034 1123 Attamen
1084 1049 1272 1120 undecimo
1311 1052 1344 1117 et

332 1175 544 1250 duodecimo
589 1178 715 1269 prioris
757 1177 837 1248 libri
864 1177 979 1266 capite
1009 1175 1160 1246 occurrit
1179 1172 1341 1244 exactius

332 1301 469 1392 aliquid
489 1301 532 1373 de
554 1321 685 1391 magno
703 1300 860 1391 quodam
876 1301 969 1371 inter
989 1319 1110 1389 regem
1132 1306 1340 1390 tyrannum-

331 1444 401 1514 que
418 1426 637 1498 discrimine.

379 1549 513 1641 Nempe
536 1551 611 1640 jnm
645 1551 725 1622 vitre
747 1552 932 1630 brevitate,
962 1555 1137 1639 quantum
1170 1556 1342 1640 tyrannus

331 1693 451 1764 orcgc
482 1674 602 1762 distet,
633 1677 750 1765 possis
780 1676 1002 1764 dignoscere.
1032 1671 1228 1745 Clementia
1248 1672 1341 1743 enim

330 1799 479 1871 tutiores
499 1805 661 1889 praestat,
684 1800 902 1890 regibusque
937 1799 1034 1869 ticuit
1066 1815 1339 1874 consenescere.

331 1921 525 2014 liberisque
546 1942 587 1994 ac
620 1925 812 2014 nepotibus
842 1924 981 1995 tradere
1010 1942 1148 2012 regnu:
1177 1929 1344 2013 tyranno·

331 2063 406 2118 rum
428 2053 563 2135 autem,
590 2067 698 2137 quem
720 2049 967 2136 exsecrabilis,
997 2055 1068 2118 tom
1090 2048 1207 2119 brcris
1223 2053 1339 2137 potes·

330 2172 593 2243 tasessesotet.
612 2171 724 2244 lmmc
740 2175 894 2262 speciem
913 2174 1028 2264 ipsam
1047 2173 1197 2243 tortunae
1215 2171 1339 2242 ambo-

328 2292 397 2364 bus
414 2313 535 2383 porem
555 2297 768 2386 retrospice:
800 2297 834 2366 iu
853 2298 969 2386 omnis
1002 2303 1121 2366 autem
1157 2293 1341 2384 exigendis

328 2421 363 2490 et
378 2417 458 2490 virae
478 2419 649 2508 necisque
667 2421 746 2510 jure
781 2419 980 2492 exercendo
1011 2427 1160 2510 apparet
1180 2419 1265 2508 quid
1286 2419 1342 2487 iu-

327 2541 535 2616 tcrsitinter
556 2562 674 2631 regem
706 2550 740 2615 et
768 2550 970 2634 tyrannum.
1002 2542 1176 2615 Occidunt
1208 2549 1242 2614 et
1275 2539 1339 2632 ipsi

328 2684 445 2756 regor,
474 2667 538 2740 sed
565 2669 705 2758 quoties
721 2667 757 2739 id
779 2669 852 2739 beri
875 2669 1017 2759 publico
1037 2669 1171 2740 utititas
1193 2685 1341 2758 persuu-

326 2789 406 2864 det:
437 2810 504 2864 nco
523 2793 618 2864 euim
641 2794 785 2865 nomine
803 2801 976 2884 tyrannus
995 2812 1015 2863 o
1031 2812 1114 2880 rege
1133 2792 1255 2877 distat,
1280 2787 1362 2886 sed

326 2914 429 2988 tactis
471 2913 535 3012 (3).
578 2916 776 3008 Utrumque
812 2918 957 3007 quidem
995 2917 1113 2989 ridere
1142 2924 1196 2989 cst
1234 2915 1342 2986 armis

357 3280 390 3345 (t)
409 3280 447 3332 Gt.
470 3280 603 3340 dentem..
620 3279 640 3340 1,
659 3281 688 3340 t;
707 3280 726 3340 Ι,
744 3281 771 3330 5.

357 3379 390 3444 (d)
401 3377 435 3430 dc
446 3380 538 3440 otene,
550 3379 569 3439 1,
580 3379 604 3429 8.
620 3379 672 3428 bet
683 3380 713 3427 7:
733 3398 744 3428 o
763 3377 846 3443 Regia
864 3377 1007 3429 erudelitas
1022 3381 1103 3440 auget
1115 3377 1280 3428 inimicorum
1298 3389 1345 3426 nu·

325 3472 430 3512 mcrurn
448 3459 580 3512 tollendo.
600 3486 629 3494 η
646 3459 761 3522 Regibus
778 3458 875 3508 certior
891 3472 923 3509 er
939 3457 1146 3516 mansuetudine
1162 3458 1305 3508 securitas,
1328 3475 1339 3499 n

326 3539 395 3600 -Ι,
416 3541 453 3588 to.
477 3542 508 3590 5:
546 3539 649 3588 «Erret
663 3538 743 3597 onim,
762 3543 848 3589 otc...
870 3559 881 3582 i

360 3619 494 3683 Nusquam
528 3622 616 3670 autern
640 3617 747 3681 scribsit
771 3631 886 3682 regnare
900 3617 1098 3682 imperatorem,
1117 3617 1166 3669 sed
1182 3631 1233 3668 erse
1246 3613 1343 3682 pru'nri·

326 3713 387 3767 pern
402 3703 428 3750 et
443 3702 588 3766 imperare.
600 3699 629 3763 (Ι,
647 3699 672 3756 u,
693 3699 730 3762 ttr)

358 3791 392 3852 (3)
411 3789 474 3841 idco
488 3789 621 3856 insignem
634 3788 706 3838 huno
716 3789 803 3840 locum
815 3787 1028 3840 animadvertere
1039 3791 1080 3839 est
1092 3786 1122 3838 de
1133 3787 1251 3848 ctern.‚t.
1262 3787 1299 3836 m.
1312 3789 1323 3837 t
1336 3798 1342 3837 τ

326 3891 338 3916 t
353 3871 383 3921 Et
393 3870 420 3920 L.
439 3871 536 3934 Syllam
553 3874 693 3936 tyranuum
710 3867 1085 3934 appellariquidprobibet...
1097 3868 1269 3920 descenderit
1282 3867 1344 3920 licet

325 3965 340 4004 c
358 3950 489 4002 dictatura
501 3965 549 4002 sua
562 3953 588 4002 ct
604 3963 634 4002 sc
646 3953 715 4015 togre
733 3948 892 4001 reddiderit.
913 3949 975 4011 Quis
997 3953 1088 4001 tamen
1117 3962 1234 4013 uuquam
1256 3952 1344 4012 tyran·

324 4045 376 4085 nus
392 4033 445 4082 tom
460 4031 537 4083 avide
556 4031 702 4083 humanum
718 4029 878 4095 sanguinem
896 4030 1002 4081 bibit...
1015 4049 1039 4081 .»
1053 4057 1081 4066 -
1092 4028 1133 4080 Gt.
1154 4027 1230 4088 r'brd..
1242 4028 1273 4088 u,
1284 4028 1307 4079 Ξ.
1318 4028 1340 4079 2.

324 4140 355 4150 -
371 4110 413 4162 Gt.
434 4111 513 4163 otiam
524 4111 554 4160 de
564 4113 609 4163 r'ra
619 4111 651 4174 11,
662 4111 766 4175 23311,
781 4109 823 4172 3t,
838 4110 853 4159 3
867 4123 874 4170 ;
892 4109 935 4172 tu,
955 4110 995 4161 t8.
1015 4110 1040 4160 t.
1061 4134 1091 4146 -
1109 4107 1195 4172 (udde
1207 4104 1341 4170 Volesum,

324 4193 356 4247 oe
370 4193 425 4256 iro,
442 4192 474 4256 11,
491 4193 518 4243 5.
538 4193 565 4255 5)
1003 4185 1007 4194 ’
