3062 4942
620 661 674 689 ·—
703 636 771 710 105
797 678 844 692 -

222 790 408 879 tyrannide
429 790 621 878 laboraret,
639 790 765 862 abnuit
780 791 954 882 amplecti
988 791 1096 864 nimis
1124 792 1235 884 impe-

223 914 353 986 riosam
370 915 468 985 illam
493 914 536 986 de
551 916 764 1006 imperatore
794 915 1007 1005 doctrinam,
1039 916 1158 1007 qualis
1178 905 1233 989 est

223 1038 319 1128 apud
333 1039 370 1109 t.
389 1038 780 1112 Annaeumdementes
795 1040 888 1111 enim
907 1058 1042 1129 servos,
1056 1047 1095 1111 ut
1108 1041 1157 1112 ait
1171 1037 1230 1136 (l),

222 1170 285 1235 aut
331 1165 449 1256 specie
489 1170 628 1236 lantum
666 1184 708 1238 au
750 1165 958 1236 veteratorie
995 1164 1111 1237 bonos
1143 1165 1237 1238 cives

224 1307 350 1380 parare
382 1295 535 1376 veretur,
553 1288 582 1360 si
603 1295 723 1379 speret
751 1289 1007 1379 rempublicam
1039 1289 1234 1379 quamdam

222 1412 296 1484 lore
327 1413 570 1504 platonicam;
593 1420 833 1504 censetquea
853 1413 1074 1505 principibus
1107 1414 1237 1506 probi-

222 1537 380 1609 bendum
419 1557 500 1610 esse
537 1539 671 1609 malum
706 1539 960 1629 potiusquam
998 1538 1235 1610 sanciendum

223 1662 372 1734 bonnm.
387 1663 514 1751 lmmu,
531 1664 616 1752 qnia
631 1663 794 1753 concepit
811 1663 931 1735 animo
948 1663 1097 1735 liberam
1114 1683 1239 1753 quam-

224 1787 307 1858 dam
331 1787 535 1878 reipublicae
556 1788 720 1874 lormam,
740 1789 872 1878 aequali
888 1788 977 1877 legis
993 1788 1072 1878 jnre
1102 1788 1239 1860 consti-

224 1916 354 1998 tutam,
379 1910 505 1982 abnult
534 1913 737 2003 imperiosae
770 1912 888 1982 virtuti
910 1931 1058 2001 regnum
1098 1912 1269 1984 tradere

224 2036 278 2107 rel
298 2035 393 2127 apud
413 2035 610 2125 Romanos,
646 2038 919 2126 magistratuum
957 2042 1077 2108 tamen
1108 2055 1239 2126 genere

225 2161 418 2252 imperioso
440 2167 501 2232 aut
515 2158 666 2250 Augusti
684 2135 826 2253 placitis
849 2160 947 2232 adid
965 2167 1072 2233 anlea
1097 2180 1239 2253 praepa-

226 2293 336 2357 ratos
350 2283 631 2358 Omnibusenim
648 2286 874 2376 imperaturis
890 2283 1017 2356 olficiis
1034 2284 1241 2376 anteposuit

227 2411 353 2481 civium
373 2411 546 2482 libertatis
567 2411 813 2482 reverentiam.

274 2545 349 2617 llac
382 2545 486 2634 quasi
514 2545 740 2636 oppositione
770 2544 857 2634 quid
877 2544 912 2615 in
938 2550 1068 2628 ⁸nostro
1098 2543 1141 2615 de
1166 2544 1239 2616 ole-

227 2670 360 2742 mentia
390 2669 532 2759 dialogo
566 2671 744 2760 legentem
774 2669 956 2741 ollendere
990 2669 1122 2739 valeret
1156 2669 1239 2741 leli-

226 2796 359 2884 gimuS,
409 2794 578 2884 quonlam
632 2793 678 2865 ad
726 2793 771 2864 lll.
816 2793 996 2865 Aurelium
1042 2793 1148 2864 veluti
1193 2791 1240 2863 ad

226 2920 417 2990 terminum
469 2938 573 2989 suum
618 2916 815 2989 Stoicorum
869 2917 1031 2990 doctrina
1078 2923 1240 3008 spectare

227 3044 377 3115 ridetur.

162 3223 166 3230 -
275 3177 449 3267 lldqnem
467 3184 633 3249 eventum
654 3177 699 3248 ab
733 3177 833 3247 initio
863 3175 1009 3248 tendere
1037 3174 1235 3247 Stoicorum

228 3303 441 3389 doctrinam,
479 3302 578 3373 haud
619 3301 785 3391 equidem
817 3301 1044 3372 asseverabo.
1078 3299 1241 3389 Namque

227 3428 422 3520 superbum
458 3428 579 3500 nescio
621 3427 708 3517 quid
742 3445 784 3499 ac
817 3426 968 3498 liberum
1004 3426 1239 3516 tyrannisque

225 3553 407 3625 intensum
442 3552 525 3623 olim
557 3553 607 3622 ita
639 3552 830 3643 spiravisse
864 3549 1002 3622 Stoicos
1039 3556 1164 3640 reputo
1205 3556 1242 3621 ut

227 3678 430 3750 Caesaribus
452 3678 594 3766 saltem,
612 3678 642 3748 si
663 3696 736 3748 non
757 3676 908 3747 civitatis
925 3675 1048 3747 lormae
1069 3674 1113 3746 ab
1131 3675 1242 3765 impe-

229 3802 409 3874 ratoribus
424 3802 698 3889 administratae,
712 3807 840 3872 natura
856 3800 974 3891 potius
989 3818 1051 3871 eos
1068 3817 1244 3890 repugna-

259 4167 293 4228 (ι)
314 4131 355 4227 m,
373 4165 412 4216 aa.
