3080 4948
735 665 930 738 ..54-

377 817 590 909 Quanquam
609 818 719 904 enim,
735 817 869 906 dialogi
889 817 1004 905 initio,
1017 818 1076 908 jus
1093 818 1337 909 eligendorum

327 946 581 1036 imperatorum
600 943 740 1016 senatui
758 942 964 1032 adiudicare
980 944 1118 1016 videtur
1135 941 1197 1040 (1),
1217 959 1337 1018 tamen

328 1070 385 1142 bis
406 1069 537 1156 verbis,
556 1075 594 1140 ut
614 1068 753 1159 opinor,
778 1067 947 1158 populum
978 1087 1172 1141 memorem
1203 1070 1286 1142 lacit
1305 1078 1341 1142 et

328 1201 497 1266 asenam
522 1199 596 1265 ela
627 1192 799 1264 militibus
819 1192 995 1264 Neronem
1027 1193 1140 1266 luisse
1172 1195 1337 1267 electum.

330 1317 433 1405 Quod
450 1323 567 1390 autem
583 1323 732 1408 apparet
747 1317 783 1388 in
800 1323 872 1387 tuto
887 1316 1045 1406 dialogo,
1062 1318 1180 1410 placet
1191 1317 1339 1392 Senecae

328 1443 436 1516 unica
473 1442 672 1532 eademque
700 1440 873 1532 principis
893 1441 1062 1513 absoluta
1089 1449 1250 1535 potestas
1277 1441 1337 1540 lb).

327 1568 451 1658 Neque
472 1567 582 1654 enim,
606 1586 642 1638 re
662 1584 757 1653 vera,
781 1567 922 1637 senatui
939 1566 1136 1657 quidquam
1157 1567 1253 1640 aliud
1266 1567 1341 1659 iarn

328 1693 460 1767 licebat
480 1693 548 1764 nisi
562 1690 794 1782 respondere,
813 1692 842 1762 si
859 1693 1128 1764 consuleretur:
1150 1693 1344 1785 imperator

332 1825 466 1902 autern,
485 1823 608 1908 utpote
628 1822 777 1888 senatus
798 1816 980 1907 princeps,
1007 1819 1222 1890 seutentiam
1244 1819 1342 1892 dice-

329 1943 393 2016 bat
412 1943 467 2014 cui
499 1941 624 2013 Patres
653 1942 925 2013 assentirentur.
962 1940 1045 2014 Cum
1076 1943 1184 2031 igitur
1212 1943 1343 2016 Neroni

330 2067 369 2140 L.
387 2065 546 2139 Annaeus
566 2065 792 2137 notissimam
820 2065 917 2137 illam
949 2066 1126 2139 absolutae
1153 2069 1341 2158 potestatis

330 2193 524 2281 imaginem
547 2190 679 2278 dialogi
701 2191 801 2261 initio
835 2190 1017 2277 describit,
1041 2193 1246 2283 suspicatur
1263 2213 1343 2283 gra-

330 2323 404 2388 tum
445 2317 476 2388 ei
510 2334 598 2387 sane
631 2315 730 2386 lore:
766 2315 835 2386 boc
865 2322 1003 2386 tantum
1034 2318 1209 2406 expressit
1247 2317 1341 2408 quud

330 2441 452 2513 Romae
468 2440 627 2531 quidem,
642 2440 717 2530 jam
747 2459 769 2510 a
789 2459 910 2529 regum
940 2446 1113 2533 tempore,
1133 2441 1170 2512 in
1200 2442 1340 2533 publico

327 2568 407 2657 jure
427 2565 688 2638 continebatur.
709 2564 858 2656 Nempe,
877 2572 915 2636 ut
934 2567 1107 2657 exemplis
1132 2574 1226 2654 utar,
1245 2569 1341 2639 locu-

331 2700 390 2765 tus
410 2693 479 2765 boc
498 2693 651 2785 primum
695 2717 711 2753 α
738 2696 774 2761 tu
796 2710 834 2762 es
859 2692 939 2763 ritae
971 2692 1143 2782 necisque
1176 2693 1342 2782 gentibus

333 2817 465 2889 arbiter
491 2817 601 2906 »,jus
617 2822 740 2887 notum
762 2822 854 2887 recte
875 2817 1098 2904 memoravit,
1133 2835 1204 2906 quo
1225 2836 1340 2908 neque

332 2942 497 3035 principi,
514 2959 633 3031 noque
654 2940 896 3027 senatoribus,
926 2959 1044 3030 neque
1075 2941 1169 3032 plebi
1190 2941 1343 3013 admira·

332 3067 465 3139 tionem
488 3071 629 3156 poterat
647 3065 791 3154 injicere
806 3061 852 3158 (3)
869 3088 876 3135 :
893 3064 952 3153 jus
967 3071 1060 3137 certe
1080 3064 1221 3154 legibus
1235 3085 1341 3137 cous·

332 3192 490 3279 titutum,
510 3210 552 3262 ex
572 3208 642 3279 quo
669 3189 793 3260 Romae
819 3189 917 3260 luere
949 3190 1196 3279 magistratus,
1218 3197 1253 3262 et
1279 3191 1343 3261 tri-

362 3531 394 3594 (l)
410 3549 422 3574 «ι
439 3528 536 3592 Placui,
553 3527 712 3593 electusque
728 3541 788 3579 sum
807 3545 818 3571 n
836 3527 881 3591 (lte
902 3527 994 3589 clem,
1008 3528 1028 3589 l,
1042 3531 1065 3578 l.
1082 3527 1119 3592 1).

363 3621 396 3684 (1))
414 3618 543 3683 Opinione
561 3617 585 3667 in
606 3617 656 3668 isla
672 3617 751 3679 longe
768 3617 876 3668 aberrat
893 3631 907 3668 a
923 3617 1018 3668 Stoicis
1039 3617 1093 3682 qui,
1109 3617 1130 3668 si
1150 3629 1204 3682 qua
1225 3619 1266 3668 est
1286 3615 1346 3667 llio·

332 3700 392 3766 goul
414 3699 491 3758 fides,
519 3697 703 3762 «reipublicae
724 3699 837 3748 lormnm
853 3710 914 3748 esse
930 3699 1059 3761 optimam
1081 3711 1142 3763 quae
1159 3697 1193 3748 sil
1213 3696 1293 3747 mixta
1312 3709 1347 3748 ex

331 3793 417 3845 reque
438 3783 465 3830 et
485 3777 605 3844 populari
626 3777 763 3830 dominatu
781 3778 992 3843 optimatumque
1009 3777 1127 3842 potentia
1146 3799 1157 3822 t
1176 3776 1347 3830 asserebant.

334 3853 482 3934 (notaverat
505 3851 642 3932 δ’ἁρὶστην
666 3863 713 3918 τὴν
736 3864 829 3932 μικτὴν
852 3859 878 3912 ἔκ
899 3879 926 3912 τε
950 3857 1126 3932 δημοκρατίας
1146 3862 1191 3912 καὶ
1211 3856 1348 3932 βασιλείας

331 3945 375 3996 aral
392 3937 592 4014 ἀριστοκρατίας
609 3937 670 4002 (Vll,
688 3939 719 3989 llll
738 3939 802 4000 (131)
818 3938 868 3988 sub
883 3939 994 4003 calcem)

365 4037 440 4102 (3111.
459 4035 546 4089 Fuslel
562 4035 595 4089 do
607 4036 768 4102 Couluugos,
785 4035 899 4087 Histoire
912 4037 955 4088 des
970 4037 1137 4088 institutione
1160 4037 1303 4102 potitiques
1316 4035 1349 4086 de

331 4119 478 4173 l'arrrirnne
493 4115 602 4178 l'ronrc,
619 4118 642 4166 1·
658 4129 728 4182 pars,
759 4117 802 4168 lib.
833 4117 863 4168 11.
880 4130 940 4182 cup.
956 4119 984 4167 l:
1004 4119 1037 4169 La
1061 4116 1346 4170 monarclrioromaiue

332 4197 425 4266 (Poris,
444 4197 583 4260 llnolrette,
596 4197 675 4262 18111).
