3080 4948
291 1316 529 1403 Quantomris
563 1315 672 1404 igitur
710 1315 792 1387 licet
822 1333 983 1387 severum
1008 1313 1182 1404 iudicium
1216 1314 1253 1385 in

240 1444 429 1530 Senecam,
463 1439 659 1531 Agrippino
695 1439 924 1530 interempta,
956 1437 1145 1528 adhibeas,
1175 1439 1254 1510 lor-

240 1569 335 1640 sitan
362 1585 426 1659 per
458 1567 526 1637 bos
557 1565 683 1637 saltem
713 1565 757 1636 de
777 1564 969 1636 clementia
1002 1563 1113 1635 libros
1134 1563 1254 1636 minus

239 1693 419 1766 meruerit.
454 1690 631 1781 Namque,
670 1689 715 1761 ab
757 1687 956 1780 Agrippina
1000 1689 1169 1762 reductus
1218 1688 1255 1760 in

240 1791 409 1909 pal-riam,
454 1834 586 1905 neque,
631 1821 669 1886 ut
710 1815 850 1906 opinor,
896 1814 1088 1905 adjuvante
1134 1833 1255 1886 amore

241 1961 425 2033 quoquam
442 1946 504 2012 aul
522 1939 725 2012 abditarum
745 1940 969 2031 voluptatum
990 1939 1130 2010 vinculo
1146 1937 1255 2031 (quod

241 2066 387 2156 quidem
400 2063 444 2136 ad
460 2063 694 2155 Agrippinam
714 2060 853 2159 attinet)
867 2059 928 2158 (l),
941 2063 1055 2136 sedut
1068 2064 1215 2136 «laetum
1233 2090 1250 2127 r>

242 2191 334 2263 loret
367 2190 440 2260 «in
464 2189 648 2280 publicum
669 2215 706 2276 o,
738 2207 811 2259 non
833 2187 967 2259 audivit
987 2187 1031 2260 de
1061 2207 1100 2260 se
1134 2188 1255 2279 qualia

241 2315 409 2388 Afranius
445 2313 578 2385 Burrus
610 2312 707 2404 aprrd
735 2311 894 2384 'lenitum
937 2310 1000 2408 (9).
1043 2312 1255 2404 Ceteroquin
1327 2330 1335 2340 ·

240 2440 347 2512 ambo
367 2438 621 2512 hanclaudem
639 2437 779 2529 abipso
798 2439 918 2510 Tacito
940 2446 1155 2530 acceperunt
1178 2457 1255 2512 cer-

238 2573 360 2638 tamen
374 2564 516 2655 utrique
551 2581 632 2636 esse
653 2582 763 2635 unum
785 2569 909 2635 contra
927 2563 1097 2636 ferociam
1126 2564 1254 2656 Agrip·

237 2691 346 2782 pinae.
385 2688 564 2762 Foedusne
607 2686 787 2778 quoddam
832 2707 874 2760 ac
919 2688 1024 2760 tactio
1065 2689 1251 2778 exstiterit,

239 2833 366 2902 necne,
398 2813 570 2885 adversus
600 2815 814 2904 flagrantem
847 2815 945 2885 illam
979 2814 1116 2887 cunetis
1146 2815 1251 2887 malae

236 2939 492 3012 dominationis
508 2939 738 3031 cupidinibus
756 2939 958 3013 seminam?
991 2937 1101 3011 Solvit
1121 2940 1249 3012 saltem

237 3065 374 3136 Seneca
403 3063 580 3136 Neronem
619 3063 743 3135 matris
782 3063 938 3153 legibus
977 3081 1044 3135 nec
1083 3059 1250 3136 Patribus

268 3317 302 3379 (l)
320 3316 358 3367 dl.
376 3317 467 3376 Beule,
489 3316 720 3383 111.111.,ρ.998.
739 3345 767 3354 -
785 3317 928 3383 11118111.
952 3319 984 3380 ll,
1002 3333 1029 3385 p.
1046 3319 1092 3370 189
1116 3319 1250 3384 (Bonnard

235 3399 264 3448 et
277 3397 405 3458 Picrson;
419 3397 534 3464 Vieweg,
552 3399 634 3458 1889).

267 3477 335 3529 Satis
351 3477 401 3530 erit
423 3482 516 3530 eontra
530 3478 641 3532 llionem
658 3480 720 3541 LXI,
733 3481 761 3531 lll
775 3479 847 3533 lrunc
862 3478 958 3532 afferre
974 3480 1055 3533 Taciti
1069 3481 1173 3534 locum:
1191 3501 1202 3528 1
1218 3482 1251 3534 nt

235 3559 390 3624 agrippina,
402 3572 437 3611 ne
455 3559 531 3611 malis
548 3563 650 3612 tantum
665 3559 830 3612 facinoribus
853 3565 1015 3620 notesceret.
1031 3562 1136 3614 veniam
1161 3562 1245 3614 exsilii

235 3652 285 3706 pro
297 3642 399 3692 nnnaeo
417 3641 531 3704 Seneca,
549 3641 627 3692 simul
642 3645 787 3706 praeturam
801 3643 936 3708 impetrat,
963 3643 1052 3695 laelum
1066 3643 1093 3694 in
1113 3642 1249 3708 publicum

235 3723 292 3773 rata
306 3721 341 3772 ob
369 3720 556 3773 claritudinem
572 3721 720 3774 studiorem
751 3723 818 3788 elue,
836 3727 918 3789 utque
942 3723 1049 3775 Domitii
1063 3723 1177 3789 pueritia
1200 3723 1247 3776 tali

234 3800 362 3866 magistro
390 3800 561 3854 adolesceret
575 3805 602 3854 et
620 3802 737 3854 consiliis
764 3803 885 3868 ejusdem
901 3803 935 3856 ad
962 3816 1039 3868 spem
1059 3803 1249 3857 dominationis

234 3883 383 3941 uterentur,
408 3879 470 3944 quia
489 3881 607 3933 -Seneca
632 3880 702 3934 lidus
725 3881 752 3933 in
775 3883 947 3949 Agrippinam
971 3884 1101 3936 memoria
1123 3883 1249 3937 benelicii

236 3964 264 4013 et
277 3959 400 4012 inlensus
415 3959 524 4013 Claudio
539 3960 632 4013 dolore
649 3961 762 4028 injuriae,
778 3963 968 4016 credebatur.»
984 3963 1075 4028 (dnn,
1085 3965 1140 4026 llll,
1157 3965 1183 4028 8)

267 4047 301 4113 la)
318 4068 330 4094 (ι
345 4048 385 4101 dd
398 4050 509 4101 Burrum
520 4049 665 4113 Afranium,
675 4051 791 4118 egregia
805 4052 925 4105 militarie
938 4053 1025 4117 lamae,
1035 4065 1146 4120 gnarum
1160 4056 1248 4107 lamen

235 4129 311 4193 cujus
323 4133 420 4195 sponte
434 4129 628 4196 praeficeretur.
645 4150 657 4176 n
674 4131 764 4196 (dom,
781 4132 835 4196 llll,
853 4133 903 4196 le.)
