3080 4948
718 636 890 708 ...6-

297 810 446 864 munere
478 789 653 882 principis
686 787 774 860 miro
808 805 1003 876 congruere
1041 786 1127 858 milri
1151 785 1305 876 uidetur,

297 919 369 991 sire
399 935 524 1008 pacem
558 915 655 986 illam
695 931 879 985 romanam
918 912 963 982 ab
1001 913 1109 984 unius
1131 917 1306 1002 potestate

296 1041 512 1134 pendentem
533 1040 722 1130 respicias,
741 1038 814 1108 sive
835 1040 985 1108 stoicum
1008 1037 1106 1107 illum
1132 1052 1214 1123 Λόγου
1235 1056 1309 1108 om-

296 1170 357 1238 nia
389 1165 657 1258 pervadentem,
689 1164 956 1248 iulormantem,
986 1161 1261 1251 gubernantem,
1286 1183 1307 1233 a

295 1291 441 1381 Virgilio
461 1290 647 1362 laudatum
669 1308 711 1360 ac
731 1288 969 1358 illustratum:

750 1503 918 1576 totamque
933 1495 1044 1560 inlusa
1060 1513 1120 1579 per
1138 1502 1229 1562 artus

375 1605 747 1689 Mensagitatmolem.
795 1653 801 1664 .
848 1653 854 1664 .
899 1637 901 1642 ·
902 1649 1227 1667 .......

344 1807 423 1883 Jam
445 1827 524 1881 eam
552 1806 765 1889 doctrinam,
788 1805 916 1896 partim
953 1805 1158 1894 oratoriam,
1179 1806 1305 1897 partim

296 1934 601 2027 philosophicam,
624 1937 662 2003 ut
692 1931 838 2022 penitus
858 1929 1053 2019 intelligas,
1070 1930 1168 2002 haud
1207 1933 1304 2022 parri

297 2060 469 2132 momenti
513 2059 580 2130 erit
618 2057 830 2146 dignoscere
869 2074 939 2146 quo
967 2074 1305 2146 anno,quorerum

296 2185 460 2272 articulo,
483 2202 555 2272 qua
576 2200 667 2253 ansa
703 2181 801 2266 data,
825 2199 895 2252 non
918 2181 995 2253 sine
1015 2181 1167 2254 arrdacia
1201 2202 1306 2274 erpo-

296 2329 381 2382 nere
397 2309 436 2380 L.
471 2308 632 2378 Annaeus
652 2307 698 2377 sit
729 2324 937 2395 aggressus.
973 2305 1051 2376 Non
1072 2307 1186 2377 solum
1211 2308 1304 2378 enim

296 2434 423 2505 avidus
464 2438 541 2504 erat
576 2431 714 2520 gloriae,
747 2436 869 2521 utpote
899 2431 1060 2520 scriptor,
1085 2438 1159 2518 arat,
1185 2438 1306 2523 utpote

295 2558 546 2649 philosophus,
567 2556 639 2627 reri
657 2561 844 2646 appetens.
865 2555 929 2626 sed
945 2556 1066 2635 etiam,
1088 2561 1127 2627 ut
1148 2575 1306 2648 praecep-

295 2689 350 2753 tor
368 2680 519 2754 Neronis
548 2685 583 2752 et
616 2679 792 2766 minister,
822 2679 1042 2769 temporibus
1072 2686 1106 2750 et
1140 2680 1306 2770 discipuli
1381 2737 1383 2744 .

295 2806 532 2895 eiusdemque
550 2803 722 2895 principis
735 2803 814 2873 usui
838 2803 973 2875 monita
991 2801 1146 2876 debebat
1164 2823 1306 2876 accom-

294 2931 455 3002 modare.
496 2928 669 3019 Nuspiam
699 2933 817 2999 autem
846 2946 963 3016 neque
990 2911 1149 3018 unquam
1190 2931 1305 3020 magis

295 3074 403 3145 qaam
438 3053 562 3125 Romae
592 3060 674 3144 post
714 3058 892 3123 extremos
920 3051 1047 3123 Tiberii
1082 3072 1211 3140 annos,
1244 3061 1306 3126 aut

293 3186 375 3271 post
418 3179 588 3249 insanum
628 3175 851 3249 demseris
895 3194 1058 3265 regnum,
1093 3179 1304 3252 stolidumre

294 3303 431 3375 Claudii
465 3302 706 3394 principatum
749 3300 880 3392 qulbus
917 3300 1009 3374 Urbs
1044 3303 1158 3392 magis
1196 3323 1303 3392 quam

295 3429 481 3521 imperium
527 3426 764 3512 laboraverat,
815 3432 891 3496 erat
938 3427 1179 3498 necessarlum
1226 3429 1304 3501 cle-

292 3700 334 3749 est
350 3699 553 3772 wppsupootsa
569 3709 657 3762 neque
672 3695 807 3760 ἐπιείκεια,
822 3710 934 3762 ounnrm
945 3699 1058 3762 utraque
1073 3710 1089 3748 a
1104 3697 1235 3763 Sapientis
1245 3711 1304 3763 per·

291 3791 358 3830 sona
375 3779 503 3830 abhorret
518 3774 688 3832 uiuidiorem
707 3778 742 3828 lix
757 3778 841 3829 altera
858 3781 932 3842 parte
952 3777 1094 3829 elementia
1113 3790 1166 3829 non
1189 3783 1230 3830 est
1246 3791 1302 3830 om·

289 3858 354 3910 nino
376 3861 501 3932 πραότης,
522 3857 620 3924 quippo
644 3869 704 3924 nure
726 3857 760 3909 sil
780 3858 875 3910 lenitus
897 3857 1109 3910 circumstructis
1140 3858 1301 3924 quibusdam

289 3936 411 4002 adjectis,
426 3939 455 3990 ut
471 3937 562 3990 videro
580 3941 650 3991 esto
668 3937 830 3991 llnltiouibus
850 3937 999 3990 clementiae
1016 3937 1087 4004 apud
1104 3938 1236 3991 Senecam
1257 3939 1303 4003 (lte

288 4021 375 4080 etum,
395 4019 427 4080 lt,
441 4019 476 4084 ³).
493 4018 545 4072 Sed
561 4031 593 4072 ex
611 4019 668 4072 istic
686 4019 849 4072 llnltionitrus
867 4019 931 4086 ipsis
947 4032 1001 4072 uon
1020 4019 1151 4072 immerito
1171 4020 1303 4086 colligitur

289 4096 372 4150 luisse
387 4098 459 4164 apud
479 4098 583 4152 Stoleoo
597 4111 706 4166 quoquo
721 4099 830 4152 nomine
851 4110 941 4166 graeco
958 4099 1082 4152 eamdem
1103 4100 1227 4152 virtulem
1242 4113 1303 4165 qum

289 4177 417 4230 alntlnis
433 4179 575 4234 clementia
594 4183 746 4247 nuncupata
761 4184 811 4232 est.
