3062 4942
577 664 619 674 -
652 623 722 694 tle
750 662 795 674 -

195 778 350 869 amplius
371 776 506 866 adjicit,
530 774 753 865 progreditur
769 774 910 864 longius
931 781 966 846 et
983 774 1122 866 praebet
1137 768 1209 844 dis-

193 904 311 994 cipulo
331 920 412 991 quae
434 920 554 972 secum
576 905 848 971 commentetur.

240 1028 290 1098 De
308 1027 377 1098 bac
410 1045 446 1096 re
476 1031 597 1096 noster
630 1024 775 1115 quidem
795 1023 942 1097 Diderut
960 1043 1063 1096 veras
1082 1023 1210 1095 babuit

193 1153 382 1244 opiniones
405 1147 466 1244 (l).

240 1276 379 1349 Etenim
396 1275 554 1347 belluam
579 1282 810 1365 perspexerat
833 1276 868 1346 in
891 1275 1031 1350 Nerone
1052 1277 1203 1364 Seneca,

192 1403 353 1473 bumana
383 1400 464 1471 licet
503 1400 617 1489 figura
650 1399 825 1471 indutam.
857 1402 944 1473 lude
986 1403 1152 1494 exempla
1172 1402 1209 1473 in

192 1526 335 1615 dialogo
371 1531 406 1597 et
431 1525 634 1611 sententiae,
650 1530 684 1595 el
705 1526 840 1596 monita
862 1533 1065 1612 occurrunt,
1088 1527 1210 1616 qualia

192 1650 291 1722 baud
311 1650 502 1739 quisquam
523 1649 759 1740 pbilosupbus
788 1651 845 1720 alii
864 1657 948 1721 tunc
967 1651 1208 1722 commisisset

193 1794 234 1847 ac
259 1774 405 1857 Neroni,
426 1773 625 1862 eademque
642 1774 744 1862 epitasi
762 1774 808 1845 ad
830 1775 865 1845 iu
888 1795 997 1846 unum
1018 1775 1207 1866 pertinen-

193 1901 268 1971 tia:
292 1918 379 1972 cave
405 1917 449 1969 ne
474 1899 549 1988 iam
584 1899 682 1986 tigris
704 1898 860 1970 evadas!
893 1899 965 1970 Nee
987 1919 1041 1971 me
1062 1899 1208 1989 quidem

193 2025 282 2096 lallil
310 2025 431 2095 omnia
460 2025 538 2095 baec
577 2031 738 2114 spectare
773 2025 968 2114 praesertim
998 2025 1043 2096 ad
1081 2025 1212 2115 princi·

192 2157 299 2242 patus
332 2149 528 2234 citeriores,
554 2147 707 2237 ideoque
743 2149 817 2219 tulli
839 2167 989 2221 omnem
1019 2150 1211 2239 peculiaris

194 2275 341 2345 oliensae
371 2274 541 2364 speciem.
574 2272 770 2363 introspice
797 2279 916 2345 autem
944 2273 1063 2344 callidi
1098 2275 1212 2365 scrip-

195 2401 281 2470 toris
315 2398 533 2470 sententiam
566 2404 600 2468 et
639 2399 710 2469 ictu
751 2399 854 2488 quasi
883 2399 1068 2490 multiplici
1104 2404 1211 2489 atque

195 2523 331 2594 ambitu
365 2522 518 2593 libenter
551 2523 710 2594 utentis:
746 2524 888 2614 scripsit
921 2524 1018 2613 quod
1053 2525 1207 2596 maxime

194 2665 268 2718 rem
290 2646 509 2717 continebat.
528 2644 616 2717 Vere
637 2647 797 2736 iungitur
812 2648 948 2738 speculi
963 2648 1051 2718 uice.
1074 2647 1211 2739 Nempe

196 2771 241 2842 ab
262 2770 357 2841 uruui
378 2771 505 2860 prioris
523 2771 602 2842 libri
617 2779 717 2861 parte
746 2772 953 2860 quesierit,
977 2772 1041 2843 sub
1060 2773 1207 2844 nomine

195 2896 352 2986 tyranni,
374 2901 500 2966 exacta
518 2892 670 2966 Neronis
691 2897 823 2984 imago.

245 3017 376 3092 Omitte
402 3020 496 3090 enirn
523 3019 678 3091 absoluti
696 3020 792 3091 illius
821 3039 863 3092 ac
886 3022 1032 3110 perlecti
1059 3022 1214 3112 impera-

196 3145 283 3216 toris
313 3143 446 3229 ideam,
470 3144 576 3214 veluti
606 3145 789 3233 regnantis
822 3145 936 3235 ipsius
966 3147 1160 3236 Sapientis,
1179 3154 1214 3218 el

197 3269 323 3340 mundi
352 3268 523 3339 arbitrum
544 3269 643 3339 illum
672 3269 911 3359 eumdemque
934 3271 1058 3361 patriae
1078 3290 1210 3362 paren-

199 3401 284 3480 tem,
303 3393 381 3464 sine
415 3392 497 3463 odiu
524 3393 784 3482 gubernantem
815 3391 891 3488 (Ἧι
928 3414 1048 3467 nonne
1081 3395 1212 3485 legenti

198 3516 371 3609 paulatim
407 3521 553 3604 surgere
584 3517 720 3588 ridetur
749 3525 831 3590 ante
873 3519 1009 3606 oculos,
1047 3526 1082 3593 et
1115 3540 1213 3592 cres-

199 3660 278 3715 cere
298 3640 525 3713 lormidantla
540 3642 705 3730 quaetlam
725 3643 852 3732 ligura,
868 3644 1042 3715 silvestris
1063 3644 1214 3734 quidem

232 3918 265 3982 tl)
284 3917 312 3969 V.
329 3915 405 3968 Esset
422 3919 485 3978 ete„
501 3932 529 3984 p.
548 3920 604 3979 289,
622 3919 665 3971 ubi
686 3918 720 3971 de
737 3924 832 3984 quarto
861 3924 888 3973 el
909 3922 1037 3975 vicesimo
1065 3923 1215 3989 praesertim

201 3997 338 4064 priorisde
354 3997 495 4050 elementia
509 3998 565 4049 libri
581 3999 668 4064 capite
683 3999 778 4066 egitur.

233 4087 266 4151 (a)
285 4086 313 4138 v.
329 4085 360 4136 ue
380 4085 466 4147 crena,
480 4087 499 4148 r,
514 4089 552 4149 rr,
564 4088 667 4139 a--cr
684 4088 733 4154 up.
748 4091 788 4140 73.
801 4090 835 4140 a:
856 4110 867 4137 .
885 4092 917 4143 ut
932 4096 1070 4158 parentem
1087 4094 1185 4146 corant.
1203 4115 1215 4140 »
1288 4083 1291 4090 '

203 4165 350 4218 liminarilo
364 4164 536 4233 philosophos
550 4168 681 4221 seditiose
693 4170 789 4221 ucerrlr's
800 4171 905 4235 argui).
