3062 4942
666 658 883 734 -toe-

325 815 461 907 Nempe
476 815 526 886 ite
551 813 691 885 censuit
715 809 916 883 Antoninus
936 811 1010 884 Deo
1039 813 1089 884 illi
1127 814 1283 886 interiori

278 959 384 1031 equo
404 941 557 1031 quisque
576 938 709 1027 regitur
725 936 937 1007 trudendum
959 955 1038 1009 osse
1060 943 1168 1029 etque
1198 940 1284 1012 olle-

277 1065 426 1138 rendum
449 1065 608 1135 animum
641 1061 790 1148 virilem,
821 1066 927 1132 aetate
955 1061 1169 1151 mitigatum,
1202 1063 1285 1136 honi

277 1190 410 1282 publici
445 1189 613 1274 amioum,
636 1204 824 1256 romanum
852 1184 1007 1275 denique
1039 1187 1151 1258 virum
1186 1207 1286 1260 eum-

278 1315 432 1403 demque
449 1314 713 1402 imperatorem.
733 1308 835 1394 Quod
852 1310 996 1398 quidem
1014 1311 1132 1401 speeie
1149 1319 1284 1385 tentum

277 1439 394 1511 reddit
409 1435 628 1509 itlaSenecae
642 1435 794 1507 somnio.
818 1434 1014 1524 Imperator
1033 1435 1142 1524 onim,
1158 1456 1286 1510 seoun-

278 1565 363 1636 dum
379 1564 418 1636 L.
435 1560 562 1634 Anrraei
579 1560 809 1645 seutentiam,
829 1558 969 1631 Stoicus
985 1567 1038 1632 est
1055 1563 1201 1652 sapiens
1213 1564 1287 1655 ipse

276 1703 426 1780 'regnum
444 1685 758 1779 adeptusltaruus
769 1684 1075 1774 Aureliusromra,
1089 1705 1152 1758 seu
1167 1688 1288 1760 volun·

277 1820 364 1900 tate,
387 1813 459 1884 sive
491 1810 622 1882 indolis
656 1816 786 1880 notura
822 1809 911 1897 miti,
941 1828 1013 1881 non
1048 1812 1227 1883 commisit
1252 1819 1288 1884 ut

277 1938 480 2027 indulgeret
503 1935 609 2024 genio
632 1935 682 2005 illi
710 1938 866 2004 austero.
900 1933 938 2004 ln
972 1933 1117 2023 juditiis
1138 1941 1276 2008 tantum

279 2069 446 2135 accurata
461 2059 748 2133 consideratione
764 2059 1003 2149 pronuntiatis
1027 2079 1068 2131 ao
1091 2061 1286 2150 perlustro-

278 2188 324 2259 tis
345 2183 395 2282 (l)
427 2185 645 2257 obstinatam
667 2183 764 2253 illum
797 2189 953 2255 mentem
985 2202 1059 2274 prae
1081 2203 1119 2257 se
1157 2184 1223 2257 lert
1254 2191 1287 2260 et

279 2312 384 2402 quasi
400 2311 564 2382 lerneam.
583 2309 663 2380 Non
692 2307 786 2378 enim
837 2306 934 2377 aliud
971 2308 1098 2395 genius
1130 2308 1188 2380 ille
1219 2309 1285 2380 nisi

278 2434 594 2508 mansuetudinem
616 2433 648 2505 ei
667 2432 784 2503 attulit
798 2427 859 2525 (ἢ),
877 2431 1046 2521 licuitque
1064 2434 1285 2523 pergenium

276 2561 371 2634 Duos
385 2560 531 2645 imitari,
550 2558 613 2630 sed
631 2557 725 2629 Deos
742 2556 918 2645 benignos
944 2552 1003 2650 (3).
1022 2556 1151 2646 Abjioit
1178 2560 1285 2630 etiam

277 2687 441 2760 Aurelius
460 2683 659 2756 Stoicorum
681 2681 900 2772 superbiam,
928 2683 1017 2752 nihil
1039 2683 1115 2773 ipse
1144 2685 1286 2774 spirans

278 2811 348 2884 nisi
367 2811 593 2883 clementium
624 2816 659 2879 et
692 2806 926 2878 lenitudinem
957 2804 1019 2900 (4).
1053 2805 1193 2899 Quippe
1228 2811 1285 2900 qul

278 2935 455 3009 universis
486 2933 694 3006 homiuibus
736 2931 934 3020 adjutorem
973 2951 1010 3002 se
1040 2932 1212 3023 praebeet,
1251 2945 1288 3008 ut

278 3067 520 3152 assequantur
563 3059 671 3129 linem
724 3057 906 3145 culquea
948 3063 1076 3127 natura
1122 3063 1286 3151 proposi-

277 3194 365 3272 tum,
415 3185 452 3256 id
502 3190 556 3257 est
594 3181 743 3253 rationis
781 3180 913 3253 uultum
960 3199 1154 3271 curamque
1202 3183 1286 3256 boui

277 3311 410 3404 publici
427 3307 487 3406 (5).
518 3308 591 3381 Neo
620 3308 741 3379 minus
770 3305 876 3376 nimis
904 3306 1097 3395 imperioso
1135 3326 1286 3399 quaequo

278 3443 339 3508 eut
359 3436 542 3527 superlata
573 3434 682 3506 verba
717 3431 851 3521 objicit,
885 3436 920 3502 et
948 3449 1113 3503 sermone
1148 3432 1227 3524 ipsu
1247 3454 1287 3506 ao

310 3759 342 3822 (l)
355 3758 375 3820 1,
392 3757 433 3807 ro.

186 3829 189 3840 '
309 3847 343 3912 u)
361 3845 443 3907 loru,
459 3847 486 3896 u
499 3843 536 3896 er.
556 3844 586 3908 u,
603 3844 647 3904 m;
659 3843 688 3904 v,
701 3841 744 3893 er.

318 3938 333 3988 3
358 3937 390 3988 llt
419 3935 460 3986 ll.

308 3940 343 4094 ili
359 4047 371 4073 u
389 3973 466 4080 unse
481 4028 542 4078 sent
559 4037 625 4078 uvoo
637 4022 681 4084 lui,
692 4021 758 4074 ecrit
772 4022 806 4073 ll.
820 4020 929 4080 iturine,
942 4033 1048 4072 comme
1060 4019 1210 4085 enveroppe
1225 4019 1291 4071 d'in-

276 4111 396 4163 lluonoes
409 4107 566 4160 clementes.
592 4125 603 4149 »

308 4201 343 4266 (5)
358 4198 399 4258 vl,
421 4197 457 4248 lt.
