3066 4958
365 1281 452 1356 inde
468 1283 802 1380 jaminteltigemns
818 1286 950 1377 quibus
969 1285 1014 1359 de
1041 1285 1162 1359 oensis
1185 1285 1326 1379 sapien-

315 1413 387 1480 tem
426 1406 552 1480 deceat
590 1409 818 1483 clementiam
859 1429 1039 1501 exercere,
1081 1409 1327 1484 misericordia

317 1537 436 1606 autem
471 1550 513 1606 ac
531 1533 636 1606 venia
665 1535 870 1608 abhorrere.
902 1535 1055 1627 Sapiens
1081 1535 1191 1622 enim,
1214 1541 1254 1607 ut
1280 1535 1328 1607 ait

317 1656 468 1747 Seneca,
485 1665 595 1748 negat
614 1657 906 1752 misererimegai
924 1659 1111 1752 ignoscere
1125 1656 1187 1756 (t).
1204 1657 1327 1751 Neque

317 1784 413 1858 enim
450 1783 695 1862 misericordia
733 1792 796 1858 ant
830 1785 937 1859 nenia
975 1783 1106 1860 rationi
1137 1784 1324 1858 convenit:

318 1909 508 1984 clementia
524 1917 648 1985 contra
663 1911 800 1984 accedit
816 1909 947 1985 rationi
969 1908 1031 2006 (d).

366 2033 516 2128 Nempe,
536 2041 577 2108 ut
604 2055 624 2107 a
646 2035 888 2109 misericordia
919 2035 1150 2128 incipiamus,
1181 2031 1327 2108 Seneca

225 2139 228 2146 ’
320 2161 668 2250 argumentationem
698 2161 858 2234 aderam.
880 2158 1119 2246 Quamobrem
1149 2159 1244 2232 enim
1270 2158 1329 2230 de·

318 2291 484 2376 praveinr
516 2286 646 2358 mentis
681 2285 870 2376 iodicium,
900 2285 951 2357 sic
981 2285 1135 2358 breviter
1166 2302 1328 2375 oompre-.

318 2407 476 2482 hendere
507 2415 583 2482 est:
620 2410 908 2483 «Misericordia
950 2429 1023 2482 non
1064 2428 1225 2497 oausam,
1265 2405 1329 2480 sed

317 2533 496 2606 iortnnam
530 2541 681 2627 spectat,
714 2561 729 2600 o
765 2541 939 2626 tanquam
973 2535 1049 2626 qui,
1091 2540 1130 2606 nt
1165 2533 1328 2624 exempto

318 2664 412 2748 utar,
439 2659 536 2749 juste
569 2660 780 2733 damnatum
818 2679 918 2732 reum
949 2659 1190 2749 eumdemque
1229 2658 1329 2729 lacri-

319 2788 476 2856 mantem
507 2791 543 2857 ei
572 2784 785 2876 supplicium
816 2784 1069 2875 deprecantem
1104 2783 1327 2854 misereatur.

317 2907 439 2998 Atqui,
461 2908 498 2980 in
527 2910 590 2981 tati
632 2909 852 2997 discrimine,
889 2908 1135 2982 misericordia
1154 2907 1328 2998 aegritudo

319 3032 430 3104 animi
442 3039 549 3106 estac
565 3035 709 3107 tristitia
721 3039 955 3126 praepostera.
970 3034 1082 3105 Immo
1094 3032 1264 3105 intrabitis
1277 3036 1330 3104 est

319 3158 366 3230 ad
383 3157 627 3250 dispiciendas
645 3178 715 3244 res,
737 3159 838 3230 utitia
858 3158 1111 3249 excogitanda,
1129 3158 1329 3251 periculosa

318 3282 479 3370 vitanda,
518 3301 623 3374 aequa
649 3283 864 3356 aestimanda
880 3279 951 3380 (3);
974 3283 1161 3356 contundit
1191 3288 1329 3354 mentes

321 3427 464 3496 maeror,
483 3408 619 3499 abjicit,
637 3409 816 3482 contrahit
831 3405 895 3505 (d).
919 3409 1033 3480 Etiam
1062 3409 1178 3481 vicina
1197 3414 1252 3480 est
1268 3407 1329 3477 mi·

351 3663 386 3729 (t)
401 3662 435 3715 ne
446 3661 531 3726 olem..
549 3661 581 3725 11,
597 3661 658 3714 Μ.

349 3753 385 3818 (2)
398 3750 481 3815 iord,
497 3751 566 3814 tto.
588 3751 613 3802 t.

351 3842 386 3907 (3)
404 3840 539 3903 vectem..
552 3842 583 3904 11,
597 3840 624 3894 6.
646 3841 670 3892 i.

350 3932 385 3996 td)
401 3929 570 3994 toid.‚11,5.
587 3931 615 3982 5.

350 4011 466 4064 Verbum
481 4012 534 4064 troc
549 4032 561 4058 r
574 4011 713 4064 contundit
725 4031 737 4057 o
753 4023 807 4064 non
822 4023 906 4064 sensu
918 4013 992 4063 carot
1005 4012 1032 4064 et
1046 4011 1149 4064 Seneca
1164 4010 1204 4063 sic
1218 4009 1328 4062 tortasse

321 4091 437 4157 scripsit.
451 4093 653 4158 anteponamus
667 4094 756 4144 autem
773 4091 936 4145 «contundit
948 4111 971 4155 o,
982 4091 1043 4157 quia
1058 4091 1084 4142 in
1102 4103 1228 4142 sermone
1245 4093 1327 4141 stoico

318 4185 370 4225 vox
388 4174 518 4245 σύγχυσις
533 4185 620 4238 usque
636 4171 750 4224 recurrit
763 4171 790 4223 in
806 4171 969 4223 finitionibus
984 4170 1136 4224 affectuum.
