3062 4942
714 596 934 670 -132-

319 770 426 842 posse
442 750 655 836 existimari,
675 751 724 820 iia
744 756 952 840 susceptum
973 752 1009 822 in
1031 752 1087 823 his
1106 752 1206 825 libris
1240 753 1330 826 Stoi-

328 895 449 947 corum
471 881 578 947 seciae
595 875 770 964 sioicique
786 873 938 946 minisiri
955 877 1192 966 patrocinium
1209 875 1272 970 (i).

369 997 472 1091 Atqui
488 1018 597 1076 ¹nune
616 999 859 1082 consentiunt,
879 1005 987 1090 atque
1007 1001 1114 1072 eiiam
1135 1001 1173 1090 ii,
1195 1004 1256 1092 qni
1277 1023 1330 1076 se-

318 1125 435 1197 verius
453 1124 497 1196 de
522 1123 669 1196 Senecae
690 1129 751 1195 aui
782 1121 901 1196 indoie
932 1129 994 1196 aut
1020 1125 1156 1215 ingenii
1176 1127 1329 1199 novitate

315 1251 492 1342 judicant,
507 1249 721 1321 confitentur
737 1249 896 1339 quinque
919 1269 1035 1322 annos
1053 1252 1180 1323 saliem
1197 1253 1330 1343 optime

318 1375 449 1449 Neroni
475 1375 514 1445 L.
546 1371 722 1446 Annaeum
762 1373 904 1465 publice
945 1375 1119 1447 suasisse.
1162 1374 1257 1461 Quin
1297 1383 1331 1449 ei

318 1501 439 1572 animo
460 1499 635 1589 conjicere
655 1505 710 1570 est
729 1498 829 1570 iiinm
849 1499 909 1570 diu
927 1504 976 1572 toi
995 1506 1030 1572 et
1050 1506 1157 1572 ionia
1171 1503 1327 1591 negocia,

317 1646 399 1698 cum
433 1643 565 1714 magno
599 1623 745 1712 quidem
778 1621 984 1715 Agrippinae
1014 1623 1242 1708 detrimento,
1269 1626 1327 1699 sed

318 1753 354 1823 in
373 1751 509 1823 honum
538 1767 743 1837 commune,
765 1749 982 1821 sustinuisse
1002 1768 1111 1841 prope
1136 1768 1247 1822 unum
1269 1749 1326 1844 (ἲ).

318 1874 553 1962 Quantumvis
575 1891 697 1946 serere
714 1871 758 1946 de
781 1872 917 1946 Seneca
939 1873 1170 1964 judicareris,
1191 1874 1228 1946 id
1257 1876 1327 1946 sai-

318 2008 389 2072 iem
406 1997 660 2090 comprobasse
681 1996 807 2088 opinor
826 2015 899 2068 non
920 1997 1169 2071 inclementius
1186 1997 1222 2070 in
1244 2019 1327 2083 nus·

318 2132 392 2196 tros
407 2123 450 2196 oe
468 2121 648 2194 clementio
663 2121 772 2194 iibros
792 2140 872 2194 esse
890 2121 1143 2194 invehendum.

367 2247 435 2321 Pro
455 2266 537 2320 vero
567 2253 690 2318 eontra
718 2245 927 2318 habendum
952 2246 1009 2318 iris
1039 2247 1138 2320 libris
1167 2250 1328 2320 consuiio

194 2348 196 2352 ¹
315 2377 491 2451 insortam
519 2370 631 2444 inisse
664 2369 801 2460 imperii
832 2369 1005 2442 racionem
1041 2377 1184 2463 propter
1224 2391 1327 2463 qnam

319 2500 472 2585 Seneca,
489 2494 776 2587 quinquennium
803 2495 945 2584 saitem,
962 2494 1054 2567 bene
1086 2495 1131 2568 rie
1158 2496 1329 2569 Romanis

320 2625 365 2697 sit
384 2621 545 2696 meritus.

367 2748 418 2821 nd
438 2766 616 2820 summam
633 2746 727 2818 enim
745 2742 883 2818 Seneca
897 2743 1117 2835 Burrusque,
1136 2746 1329 2819 aurilianis

319 2880 462 2964 senatu,
479 2891 585 2964 quern
606 2870 751 2961 quidem
779 2888 818 2942 se
847 2888 979 2958 magno
1000 2871 1136 2942 honore
1161 2872 1328 2962 prosequi

318 2998 591 3094 profitebantur,
623 2995 749 3067 leniter
777 3012 922 3084 gessere
952 2994 1224 3085 rempublicam.
1260 2995 1328 3068 Sed

319 3145 381 3199 cur
397 3126 446 3197 iia
466 3139 624 3214 gessere,
642 3119 712 3192 nisi
731 3120 828 3210 quod
845 3120 1096 3192 inieiiereruni
1111 3139 1220 3192 unam
1237 3122 1326 3192 riam

319 3250 524 3343 reipublicae
542 3249 650 3321 saiuii
665 3265 745 3319 esse
760 3245 868 3316 unius
886 3243 1071 3334 imperium
1089 3244 1107 3314 ‘i

367 3374 555 3466 Equidem,
583 3374 638 3446 rel
667 3373 703 3443 in
735 3370 873 3443 raiioue
910 3369 972 3440 iiia
1000 3369 1151 3460 imperii,
1181 3369 1328 3442 dimidio

318 3507 456 3573 carrium
484 3503 611 3587 stoica,
633 3516 705 3588 qua
739 3513 897 3568 romanae
932 3494 1034 3565 moiis
1063 3501 1218 3566 meniem
1248 3513 1329 3567 esse

349 3805 382 3868 (1)
400 3802 437 3854 Gi.
456 3801 487 3852 de
505 3799 591 3860 clena,
606 3798 639 3858 ii,
659 3798 683 3859 5,
705 3796 741 3846 2:
765 3815 777 3839 α
796 3795 855 3847 Scio
878 3794 946 3845 maie
972 3792 1063 3845 audire
1097 3791 1167 3858 apud
1192 3794 1329 3860 impensos

317 3888 419 3937 seusam
438 3881 596 3941 stercorum,
612 3881 738 3942 tanquam
765 3874 859 3927 duram
877 3873 956 3925 nimis
981 3877 1008 3926 oi
1030 3873 1139 3925 minime
1167 3873 1330 3939 principibus

315 3964 477 4031 regibusque
491 3960 592 4012 honum
607 3957 728 4009 daturam
743 3954 894 4007 eonsilium,
915 3973 927 3999 ι

354 4062 389 4122 θ)
418 4059 476 4120 Dm,
506 4057 570 4118 LXI,
587 4057 623 4107 i:
646 4039 707 4110 ¹⁴0
726 4073 753 4107 τε
771 4055 822 4125 γὰρ
836 4056 922 4125 Νέρων
942 4039 1081 4115 οὔτ’ἄλλως
1100 4052 1329 4124 φιλοπραγματίας

318 4143 360 4216 ᾖν,
376 4145 419 4195 καὶ
434 4141 523 4213 ἔχαιρε
539 4136 564 4191 ἰν
578 4136 698 4210 ρᾲστωνη
714 4131 824 4205 διάγων.
846 4151 859 4179 u
