3062 4942
738 651 931 725 ..86-

327 803 603 896 ipsasrlctimas
640 802 790 886 falleret,
821 803 992 876 adhunc
1033 805 1143 895 igitur
1171 808 1332 881 eumdem

327 929 501 1021 imprimis
521 928 677 1019 respexit
693 925 846 1012 Seneca,
874 947 941 1000 nec
969 929 1014 1000 ad
1044 928 1176 1021 Syllam
1199 938 1331 1004 tantum

327 1062 389 1126 ant
419 1051 659 1126 Alexandrum
690 1053 740 1123 iia
759 1053 962 1142 protessus:
996 1079 1010 1119 c
1040 1053 1115 1127 Hoc
1141 1063 1198 1128 est
1226 1076 1331 1148 quare

324 1180 378 1254 rel
393 1178 545 1250 maxime
560 1177 805 1250 abominanda
820 1178 866 1248 sit
891 1178 1041 1260 saeritia,
1070 1181 1167 1270 qued
1198 1182 1332 1254 excedit

324 1303 416 1376 lines
458 1303 612 1394 primum
646 1302 785 1388 scilice,
814 1300 943 1374 deinde
994 1305 1186 1394 humanos,
1243 1326 1331 1378 nora

325 1428 501 1520 supplicia
526 1425 717 1516 deminuit,
746 1425 930 1514 ingenium
965 1427 1116 1500 advocat
1139 1436 1178 1500 ut
1197 1431 1323 1502 instru-

324 1559 446 1626 menta
464 1551 652 1640 excogitet,
681 1569 744 1640 per
759 1569 839 1641 qnae
856 1552 1011 1623 varietur
1030 1559 1138 1643 atque
1165 1555 1331 1627 extenda-

324 1677 514 1763 tundetur,
543 1675 739 1747 delectatur
754 1676 858 1746 malls
881 1677 1078 1749 hominum.
1108 1705 1125 1744 r
1148 1675 1195 1773 (l)
1226 1679 1329 1752 lieni-

324 1823 394 1896 que
413 1819 533 1874 nenne
548 1800 680 1889 legenti
704 1801 782 1872 haee
812 1806 920 1890 alque
953 1801 1025 1872 alia
1057 1802 1209 1892 hujusce
1240 1803 1328 1876 modi

329 1957 346 1994 u
373 1924 568 2017 aliquando
597 1943 664 1996 sua
697 1923 867 2014 praesidia
904 1925 941 1995 in
972 1925 1072 2016 ipsus
1104 1944 1327 2000 consurrexe-

323 2058 405 2124 runt
431 2079 466 2138 r,
495 2049 646 2121 occurrit
663 2050 842 2140 extemplo
859 2050 1040 2122 memoriae
1058 2049 1238 2122 Chaerea?
1254 2048 1302 2147 (l)

373 2174 614 2249 Alexandrum
627 2173 734 2262 igitur
753 2179 815 2245 aut
831 2171 962 2263 Syllam
979 2193 1050 2245 non
1066 2176 1178 2246 semel
1199 2195 1328 2249 memn-

324 2301 414 2374 ravii
434 2300 471 2372 t.
494 2299 668 2387 Annaeus,
700 2304 738 2370 ut
766 2298 962 2370 illustraret
994 2317 1197 2372 sermenem
1228 2321 1324 2372 sunm

324 2434 359 2500 et
379 2433 503 2499 ornate
530 2426 701 2500 scriberet
716 2419 784 2518 (3):
803 2421 840 2496 C.
863 2423 1041 2496 Caesarem
1074 2429 1197 2496 tamen
1226 2426 1329 2498 habel

324 2558 407 2624 ante
437 2551 559 2623 eculns
591 2550 698 2623 etiam
720 2548 787 2620 sub
819 2547 1022 2639 principatu
1042 2547 1208 2620 Neronis.

322 3117 326 3123 .
373 3012 480 3087 Porro
497 3023 535 3087 ut
549 3016 795 3104 intelligamus
811 3032 882 3086 nnn
899 3021 1032 3088 temere
1055 3015 1204 3088 linxisse
1222 3015 1329 3090 Sene-

354 3299 387 3361 (tl
407 3295 439 3348 lle
457 3295 549 3359 elem„
567 3297 586 3358 l,
604 3295 646 3348 td.
666 3294 694 3345 2.
714 3321 744 3331 -
761 3294 801 3346 cl.
834 3294 923 3358 Suet..
942 3293 1043 3360 Calin,
1060 3295 1110 3348 30:
1135 3317 1144 3342 ι
1163 3296 1222 3350 Nun
1236 3300 1331 3349 temere

321 3376 347 3427 ln
363 3389 525 3442 quemquam
542 3375 593 3428 nisi
620 3375 723 3428 crebris
740 3379 767 3427 et
782 3374 889 3426 minutis
911 3374 1007 3427 ictibus
1032 3375 1211 3428 animadverti
1240 3387 1331 3442 passus

321 3462 378 3510 est:
397 3460 529 3522 perpetuo
552 3460 671 3522 notoque
692 3457 748 3522 jam
771 3459 908 3522 praecepte
933 3456 1002 3508 «lta
1026 3453 1083 3518 leri,
1100 3458 1131 3507 ut
1152 3456 1260 3509 semori
1274 3467 1330 3507 sen·

323 3537 380 3588 liiii.
401 3557 414 3583 rr

355 3627 387 3692 (2)
408 3625 542 3689 tractem..
560 3629 580 3689 1,
597 3628 640 3680 26.
662 3630 688 3679 l.

354 3707 474 3760 Forsitan
491 3709 568 3760 etad
586 3707 680 3760 Callae
691 3705 812 3759 cesoniae
830 3717 938 3757 amores
957 3703 1119 3770 spectaverit
1142 3703 1330 3758 Seneeainillo

321 3786 535 3852 detrelocelll,
552 3789 592 3839 36.
610 3789 649 3854 til:
678 3784 878 3838 «amicissimis
902 3785 1005 3848 nostes,
1034 3783 1190 3849 vitandique
1225 3781 1326 3837 carissi-

321 3866 372 3918 mis
392 3886 415 3917 ι.
434 3895 465 3905 -
481 3869 521 3919 dl.
546 3869 626 3921 etiam
642 3869 673 3919 de
699 3868 790 3926 ctera„
808 3866 828 3925 l,
845 3865 884 3915 ΞΒ.
906 3869 935 3916 2:
956 3883 966 3910 ι
984 3877 1037 3916 nen
1053 3864 1209 3929 spectacula
1227 3860 1321 3930 (securi

320 3946 433 4011 ineunt),
452 3961 484 4001 ex
509 3949 606 4014 quihus
632 3947 744 4001 materia
772 3944 890 3998 criminis
916 3958 948 3997 ac
970 3944 1081 4011 periculi
1097 3944 1252 4010 queritur·
1273 3951 1330 3996 curn

321 4026 393 4091 Suet,
413 4029 515 4093 cutte„
530 4030 570 4080 30.

350 4116 385 4178 (3)
403 4137 415 4161 «
433 4117 499 4179 Quid
510 4120 581 4170 enirn
595 4120 713 4183 interest,
727 4129 775 4169 ore
787 4120 822 4173 te,
834 4113 1018 4175 Alexander„.
1031 4147 1038 4163 .
1052 4134 1063 4159 r
1075 4116 1122 4172 (lie
1132 4114 1218 4174 elene,
1230 4115 1249 4177 l,
1261 4113 1298 4164 id.
1308 4113 1327 4170 ll

320 4221 350 4230 -
368 4194 407 4246 Gt.
422 4197 453 4246 de
466 4198 519 4260 ira,
539 4199 569 4260 ll,
587 4201 614 4250 5.
632 4201 666 4248 t:
685 4199 712 4250 in
733 4195 907 4249 Hannibalem
925 4193 1002 4245 simili
1020 4193 1100 4246 mede
1119 4194 1258 4248 invenitur.
