3080 4948
635 623 830 696 ...19-

227 777 346 850 nantia
366 794 438 848 non
456 794 500 848 ex
523 775 711 865 majestate
732 781 798 848 est.
828 801 845 840 »
880 775 924 847 Et
941 776 1035 856 inira
1069 795 1238 868 quoque:

233 929 250 968 a
275 902 401 975 Vestra
430 901 524 972 iacta
557 901 724 990 dictaque
760 919 881 972 rumor
912 901 1056 992 excipit,
1092 909 1127 974 ct
1160 902 1242 976 ideo

225 1027 335 1099 nuliis
375 1028 492 1115 magis
532 1025 732 1097 curandum
791 1031 859 1114 est,
902 1027 1046 1116 qualem
1105 1027 1240 1100 tamam

225 1153 398 1240 habeant,
438 1170 547 1242 quam
581 1150 656 1240 qui,
698 1150 989 1241 qualemcunque
1026 1154 1236 1242 meruerint,

226 1296 397 1366 magnam
430 1275 586 1348 habituri
623 1282 719 1348 sunt.
760 1273 876 1360 Quam
917 1277 1029 1348 muita
1068 1275 1133 1350 cini
1166 1297 1240 1350 non

225 1402 346 1490 licent,
379 1420 461 1491 quae
494 1400 599 1473 nobis
631 1399 807 1472 beneficio
835 1407 896 1473 tuo
917 1401 1051 1474 licenti
1084 1398 1239 1480 Possum

225 1526 262 1598 in
283 1525 444 1616 qualibet
471 1532 572 1616 parte
592 1524 691 1598 urhis
707 1525 806 1597 sotus
823 1525 991 1598 incedere
1005 1526 1082 1601 siue
1096 1527 1238 1616 timore,

225 1651 388 1743 quamvis
421 1650 542 1723 nulius
580 1657 752 1740 sequatur
785 1669 920 1740 comes,
951 1652 1073 1724 nulius
1114 1660 1238 1726 custos

226 1776 272 1848 sit
294 1775 542 1860 deminutus
562 1775 610 1847 ad
631 1777 724 1847 tatus
749 1775 912 1866 gladium
930 1776 994 1848 tini
1013 1777 1050 1848 in
1070 1782 1132 1850 tua
1150 1797 1240 1870 pace

227 1909 366 1974 armato
382 1900 570 1973 vivendum
588 1907 643 1972 cst
662 1895 722 1995 (i).
753 1927 770 1964 »

273 2026 378 2118 AEgre
393 2044 460 2116 ego
481 2044 555 2098 nou
569 2024 714 2098 credam
730 2042 774 2096 ea
792 2026 983 2117 perspicua
1000 2027 1153 2100 consiiia
1167 2047 1241 2100 non

226 2171 336 2243 quam
395 2151 566 2222 citissime
618 2155 727 2240 atque
778 2151 1084 2242 opportunissime
1129 2153 1241 2228 inisse

226 2277 350 2363 allata,
368 2277 477 2348 etiam
506 2280 742 2364 anteaquam
772 2277 995 2366 pernotuerit
1014 2304 1032 2340 «
1058 2274 1239 2354 Gaesarcm

227 2420 308 2475 esse
323 2402 383 2492 qui
419 2405 646 2491 grassaretur
671 2427 708 2486 a,
725 2405 760 2472 et
783 2401 941 2512 protecto
963 2408 1047 2474 anto
1076 2402 1236 2477 Montani

226 2527 425 2599 mmmm

274 3080 398 3154 Exstat
433 3082 539 3155 etiam
579 3081 809 3178 iocosalter
846 3099 890 3154 ex
928 3100 1000 3171 quo
1037 3099 1109 3153 non
1160 3079 1238 3151 sine

226 3204 383 3295 quadam
400 3207 626 3279 cunctatione
644 3207 819 3279 rationem
836 3205 1050 3280 concludere
1068 3204 1236 3278 audeam.

273 3330 428 3422 Etenim,
469 3332 499 3404 si
533 3331 717 3404 nazariani
756 3330 901 3422 quidem
938 3331 1072 3404 codicis
1117 3348 1241 3403 recen-

226 3456 367 3530 sionem
410 3457 575 3551 sequaris
616 3463 825 3547 textumque
866 3476 889 3528 a
931 3454 1068 3530 Gertzio
1109 3454 1242 3528 consti-

225 3582 507 3668 tutum-hacce
539 3581 648 3654 verba
680 3581 858 3672 invenias,
892 3581 930 3654 in
963 3581 1078 3673 primo
1111 3580 1239 3672 prioris

225 3707 307 3798 iibri
327 3707 465 3806 capite:

278 3857 293 3900 a
333 3833 466 3924 Ingens
505 3832 572 3904 tibi
611 3851 702 3906 onus
741 3832 946 3926 imposuisti
962 3855 974 3924 ς,
1014 3851 1121 3922 nemo
1162 3835 1238 3928 jem

259 4095 450 4163 (titionem
470 4097 495 4160 1,
515 4093 763 4150 aa-ctuut
783 4103 898 4172 Καῖσαρ,
921 4093 947 4152 ta
970 4105 1003 4171 rit
1028 4093 1176 4175 σῇιῐρὴνῃ
1197 4093 1241 4150 οἶα

226 4178 344 4252 πάσχω
371 4168 476 4250 (Επικτ,
494 4174 627 4250 Διατριὸη
643 4177 688 4240 111,
702 4179 742 4240 22,
756 4173 798 4250 55)
1247 4178 1251 4186 '
