3080 4948
737 657 784 674 ..
808 615 856 694 ῃ]
882 659 930 673 .„

323 773 433 845 verba
452 769 625 846 referam:
657 799 673 836 κ
692 773 852 864 Acapite
866 772 964 844 huna
977 774 1145 846 valetudo
1161 775 1198 847 iu
1215 796 1339 851 cinnes

326 885 500 990 [eorporis
522 905 640 989 partes
660 894 769 992 exit3]
804 899 925 970 untnia
954 905 1081 988 vegeta
1118 907 1204 972 sunt
1236 909 1342 993 alque

326 1029 459 1108 erecta,
477 1029 538 1094 aut
554 1023 726 1112 languore
742 1021 916 1112 demissa,
932 1029 1038 1114 prout
1054 1024 1199 1097 animus
1222 1046 1342 1100 eurum

325 1147 408 1218 vluit
437 1153 499 1217 aut
527 1151 661 1218 marcel
679 1141 740 1240 (l).
777 1173 791 1208 »
824 1146 911 1219 lude
939 1175 956 1210 «
985 1146 1145 1220 tradetur
1173 1151 1344 1244 principis
1451 1235 1454 1242 ,

329 1270 582 1358 mansuetudo,
605 1270 896 1360 dilluudetuuque
931 1272 1103 1363 paulatim
1138 1293 1203 1365 per
1238 1294 1343 1348 uinne

326 1394 466 1486 imperil
489 1400 686 1486 culptts‚el
726 1395 855 1466 cun'eta
891 1395 927 1466 iu
966 1396 1236 1470 similitudinem
1267 1401 1345 1490 elus

327 1519 590 1592 scrutabuntur.
623 1547 640 1584 a
666 1518 753 1591 lude
775 1521 882 1591 etiam
903 1539 967 1611 pru
998 1540 1072 1592 unu
1101 1523 1219 1613 eapite
1250 1526 1345 1596 euci-

327 1646 431 1736 piunt
460 1643 606 1732 leniunt,
625 1662 667 1715 ac
694 1644 816 1715 mullis
840 1645 1015 1716 nicutlllus
1055 1665 1165 1718 uuain
1187 1649 1343 1720 animam

327 1769 508 1842 redimunt
533 1797 549 1832 u
569 1787 831 1859 nonnunquam
852 1771 950 1842 senis
966 1777 1001 1842 el
1015 1771 1174 1843 invalidi.
1197 1801 1214 1837 u
1238 1769 1345 1846 llam-

329 1914 399 1987 que
414 1895 591 1984 integrum
610 1901 706 1967 stare
727 1896 902 1982 animum,
918 1895 987 1967 hec
1003 1898 1162 1988 corporis
1178 1897 1342 1970 interest.

328 2019 446 2092 nunni
477 2017 585 2109 igitur
608 2019 712 2110 jussu
736 2019 832 2109 lacet
870 2038 999 2110 culpus
1040 2028 1101 2092 uui
1145 2022 1343 2112 inquietunl

330 2143 508 2216 discurrit.
544 2141 704 2234 Cumque
744 2144 803 2215 ille
850 2144 1047 2235 inlpeuaiit,
1093 2145 1166 2217 sive
1217 2157 1345 2218 avarus

331 2269 499 2340 deminus
527 2274 596 2358 est,
618 2286 739 2340 noune
770 2296 787 2331 «
814 2287 912 2340 maie
932 2269 1019 2340 lucri
1053 2287 1164 2341 causa
1206 2278 1345 2343 scruta-

331 2409 424 2481 illul,
445 2421 462 2457 »
489 2393 562 2465 sive
590 2392 819 2480 ambitiosus,
835 2412 957 2465 nonne
983 2421 999 2457 u
1024 2393 1239 2484 Jamduiluin
1260 2396 1346 2467 dcx-

331 2525 443 2591 teram
460 2518 616 2589 llammls
634 2517 824 2607 abjicimus
845 2517 890 2588 t?
907 2516 965 2590 Sic
979 2519 1140 2608 gentiunt
1157 2520 1345 2592 multitudo

331 2642 558 2733 imperaturis
601 2642 775 2713 voluntati
821 2635 1058 2733 obtempeiat,
1086 2648 1126 2714 ul
1157 2644 1278 2715 anime
1312 2650 1346 2716 el

332 2783 456 2858 pucelu
478 2767 634 2838 etuitam
657 2765 877 2838 etunltalein
895 2766 1060 2837 allatuin.

383 2890 495 2962 Simili
530 2889 765 2980 igituumedu
805 2892 955 2976 Seneca,
987 2891 1161 2962 unitatem
1194 2892 1293 2962 illuni
1325 2911 1346 2962 u

333 3016 461 3088 Stoicis
482 3034 524 3089 ex
543 3015 618 3087 Ileu
649 3024 756 3105 atque
778 3015 912 3086 inuudu
937 3017 1183 3105 constitutam,
1207 3017 1347 3089 censuit

332 3161 374 3213 ex
391 3142 606 3232 imperatore
627 3159 669 3211 ac
696 3139 880 3231 republica
914 3140 1218 3228 constituendam,-
1236 3148 1270 3214 et
1288 3159 1346 3214 res

232 3357 235 3365 Δ
333 3284 502 3339 romanas
523 3265 662 3356 cornuti
681 3264 824 3336 cuidam
841 3265 977 3336 similes
993 3283 1073 3336 esse
1090 3267 1230 3338 censuit
1245 3267 1346 3358 cujus

332 3385 498 3476 princeps
525 3389 560 3455 el
597 3387 778 3472 caputet
807 3399 923 3468 inenS,
955 3387 990 3452 et
1023 3361 1183 3453 altimus,
1223 3375 1345 3473 Neque

334 3509 481 3580 deorum
508 3505 759 3579 tantummode
787 3505 926 3577 numini
955 3506 1113 3576 animuin
1143 3507 1258 3594 illam,
1282 3507 1346 3580 sad

334 3634 441 3704 ellam
470 3632 599 3703 rationi
630 3650 745 3702 rerum
780 3630 935 3701 deminae
969 3630 1194 3720 aequiparare
1217 3650 1345 3722 aggre-

334 3759 464 3830 ditur:
499 3756 614 3829 verbis
659 3756 804 3846 quidem
838 3761 978 3826 auctam
1015 3756 1246 3844 sententium,
1282 3754 1344 3830 sed

365 4014 400 4076 (l)
419 4010 453 4062 lle
465 4010 558 4071 clean,
573 4010 605 4072 ll,
622 4009 644 4059 2.
659 4010 681 4060 l.
698 4037 728 4046 -
740 4007 825 4059 clad
839 4006 932 4069 lucet,
943 4006 1069 4068 Clllv,23
1083 4020 1089 4057 :
1105 4027 1117 4052 «
1133 4007 1187 4060 llex
1203 4009 1346 4059 nosterest

332 4091 456 4143 animus:
475 4091 527 4143 hoe
543 4089 669 4142 ineolumi
685 4092 775 4140 cetera
800 4091 910 4139 manent
933 4087 959 4138 in
974 4086 1073 4150 cilicio,
1089 4089 1193 4151 parent,
1208 4086 1345 4150 obtempe-

334 4176 410 4224 rant:
429 4185 490 4224 cuin
505 4172 547 4224 ille
565 4170 672 4236 naulum
687 4168 827 4232 vacillavit,
848 4167 926 4220 simul
947 4166 1078 4227 dubilunl,
1094 4169 1148 4220 ule.
1170 4187 1182 4212 »
