3062 4942
687 596 881 672 ..98-

278 768 386 839 quarn
411 752 716 842 comparationem
732 751 830 824 illam
848 753 1050 843 aggrediar,
1065 755 1171 828 liceat
1200 757 1285 829 mibi

277 893 394 966 pauca
414 875 457 948 de
474 877 620 967 politico
637 875 833 949 Stoicorum
856 896 1150 953 commemorare.

326 997 474 1071 Constat
501 1019 619 1090 neque
639 1001 725 1073 latet
751 1020 983 1092 quemquam,
1004 1002 1207 1076 Alexandro
1235 1007 1287 1077 vix

277 1129 429 1212 mortuo,
449 1125 510 1214 qui
528 1132 654 1214 gentes
668 1126 780 1198 rictas
797 1145 867 1198 non
887 1145 949 1218 pro
966 1127 1102 1218 praeda,
1125 1129 1190 1201 sed
1222 1149 1286 1221 pro

276 1249 482 1321 bominibus
503 1249 804 1322 administrationi
821 1270 896 1323 suae
912 1252 1117 1324 commissis
1148 1253 1288 1326 babue-
1338 1257 1344 1266 '

277 1381 331 1445 rat
363 1374 599 1464 effeceratque
630 1381 667 1446 ut
699 1370 948 1447 cumGraecis
978 1373 1064 1447 Asia
1102 1378 1138 1448 in
1173 1398 1283 1450 unum

275 1499 505 1586 coalesceret,
527 1499 716 1590 opiniones
732 1499 775 1571 de
797 1500 1002 1590 reipublicae
1017 1501 1285 1576 iormaomniuo

275 1644 355 1697 esse
370 1625 578 1696 immutatas
592 1624 850 1716 parvulumque
871 1625 1046 1696 ciuitatem
1077 1645 1231 1715 graecam
1249 1627 1284 1698 in

274 1750 476 1821 universam
494 1748 640 1820 deorum
662 1749 920 1838 hominumque
951 1749 1127 1822 civitatem
1161 1770 1286 1824 excre-

273 1874 380 1960 visse,
415 1873 709 1964 pbilosophorum
740 1873 867 1944 saltem
898 1873 933 1942 in
965 1872 1115 1964 placitis.
1149 1873 1282 1946 Eadem

274 1983 392 2070 autem
411 2017 522 2069 causa
538 2017 580 2068 ex
596 2017 668 2086 qua
684 2003 760 2067 orta
790 2002 865 2068 erat
888 1997 966 2068 bac
996 1996 1171 2087 doctrina,
1202 2017 1282 2070 eam
1385 2021 1389 2030 ·

272 2123 494 2214 propagavit.
516 2122 670 2194 Videsne
686 2127 725 2192 ut
739 2120 919 2212 Polybius,
939 2121 1145 2210 intelligens
1172 2142 1284 2214 popu·

271 2247 345 2318 ium
374 2265 561 2343 romanum
594 2266 714 2318 verum
746 2252 781 2318 et
809 2246 1029 2336 insperatum
1059 2246 1281 2320 Macedonici
1391 2255 1395 2258 ’

272 2374 365 2463 regis
381 2392 461 2445 esse
476 2372 671 2458 haeredem,
689 2371 839 2443 uictricis
851 2390 1030 2461 quemque
1046 2391 1278 2462 progressum

270 2499 388 2588 gentis
422 2497 659 2568 admiratione
705 2514 846 2566 summa
882 2502 918 2566 et
957 2515 1077 2567 amore
1122 2497 1278 2586 quodam

271 2629 455 2712 sequatur,
487 2641 553 2693 nec
593 2640 666 2692 non
697 2620 892 2710 praesagire
926 2619 1082 2708 gaudeat
1123 2621 1278 2712 amplius

268 2747 459 2819 Alexandri
498 2747 646 2836 imperio
680 2753 715 2817 et
754 2743 891 2815 firmius
920 2745 1038 2835 parari
1074 2745 1276 2836 imperium,
1343 2817 1347 2820 .

268 2873 447 2959 Fortunae,
464 2871 570 2942 idest
587 2868 836 2956 Providentiae,
855 2869 1049 2939 maximum
1068 2875 1102 2940 et
1115 2869 1279 2960 pulcber-

267 2998 394 3068 rimum
413 3014 517 3086 opus.
535 2994 608 3066 Etsi
625 3001 743 3065 autem
768 2993 865 3063 nullo
893 2993 929 3062 in
961 2993 1039 3064 loeo
1075 2994 1275 3066 universam

267 3120 463 3192 Stoicorum
502 3118 677 3190 civitatem
719 3123 906 3202 memorat,
942 3116 1170 3208 perspicuum
1222 3123 1277 3190 est

265 3247 362 3317 illam
384 3244 577 3333 imaginem
609 3242 719 3313 menti
740 3243 817 3332 ejus
847 3241 998 3312 subesse
1030 3247 1064 3312 et
1082 3240 1271 3316 dominari.

264 3370 405 3442 Eisdem
425 3368 584 3458 vestigiis
603 3367 746 3438 credere
762 3371 816 3438 est
847 3365 1021 3437 institisse
1041 3363 1272 3438 Posidonium

263 3503 298 3569 et
321 3494 533 3566 Strabonem
551 3493 612 3582 qui
628 3491 919 3582 Megalopolitani
942 3490 1127 3561 bistoriam
1158 3510 1273 3581 usqne

263 3621 307 3692 ad
325 3641 391 3692 sua
407 3626 567 3709 tempora
581 3616 889 3689 continuaverant.
909 3614 1013 3700 Quod
1032 3635 1104 3686 non
1122 3616 1272 3688 creden-

262 3747 345 3818 dum
359 3753 413 3818 est
428 3741 620 3829 modosed
638 3747 770 3812 certum
784 3740 990 3811 babendum
1008 3739 1051 3812 de
1066 3739 1220 3812 Diodoro
1237 3746 1272 3812 et

257 3869 442 3961 Dionysio,
475 3885 625 3957 quorum
675 3866 765 3935 alter
804 3864 980 3936 civitatem
1032 3863 1128 3936 Joris
1177 3864 1268 3936 adeo

258 3995 394 4068 extollit
411 3993 448 4063 in
465 3989 673 4062 bibliothecae
689 3988 849 4074 exordio,
873 3990 962 4058 alter
981 3987 1101 4061 verbis
1124 3987 1167 4080 in
1182 3985 1268 4059 Stoa

258 4115 504 4190 usitatissimis
517 4115 611 4185 bano
630 4112 777 4184 laudem
789 4110 875 4184 Urbi
891 4111 1013 4184 tribuit
1031 4129 1120 4186 aaran
1135 4129 1216 4183 esse
1233 4117 1268 4183 et
